2266 3832
191 839 383 906 imbrium
407 840 544 909 illllllildl
567 843 712 910 utboni!
737 840 901 932 blbrscll,

83 1071 168 1156 Cum
180 1091 509 1172 Baumgerten·0rnsius,
529 1096 574 1156 vir
588 1096 704 1174 ingenio
715 1112 771 1154 non
785 1095 893 1172 minus,
913 1111 995 1176 wem

82 1195 209 1254 doctrina
230 1194 368 1270 insignis,
393 1202 520 1254 mortuus
546 1204 639 1272 esset,
674 1193 824 1254 divenditis
853 1191 995 1271 exempla·

81 1296 159 1356 ribus
180 1293 326 1371 Eutropii,
355 1293 389 1353 ab
412 1293 461 1352 illo
484 1311 555 1355 anno
575 1313 756 1354 uncorum.
773 1291 857 1366 editi,
890 1292 957 1352 mihi
980 1309 996 1351 a

80 1392 240 1472 bibliopola
261 1392 474 1470 honestissimo,
499 1409 602 1454 socero
627 1391 828 1467 dilectissimo,
855 1389 883 1460 id
899 1407 994 1451 mnne·

79 1498 120 1554 ris
132 1493 253 1554 delatum
265 1502 325 1569 est,
342 1502 372 1552 ut
384 1493 475 1553 denuo
490 1491 580 1554 libelli
595 1491 747 1551 editionem
760 1507 896 1553 curarem.
931 1488 994 1565 Quo

80 1610 197 1655 munere
209 1596 247 1654 ita
258 1602 419 1654 tantumme
430 1594 503 1653 bene
523 1601 550 1653 et
567 1609 618 1671 pro
631 1590 704 1652 virili
716 1600 796 1670 parte
813 1591 892 1668 fungi
907 1606 995 1668 posse

80 1695 218 1772 intellexi,
237 1703 277 1770 ut,
296 1711 352 1754 non
365 1693 455 1752 solum
468 1711 541 1772 quae
553 1693 719 1771 typothetae
732 1699 918 1769 peccassent,
942 1689 994 1750 sed

81 1797 180 1870 etiam,
213 1797 242 1853 in
259 1794 393 1872 quibusa
416 1795 518 1871 prioris
536 1794 652 1854 editoris
678 1792 782 1852 iudicio
806 1789 993 1849 recedendum

80 1903 169 1970 esset,
189 1895 371 1971 corrigerem.
405 1892 499 1965 Quare
515 1896 607 1953 varies
628 1894 799 1970 scripturas,
823 1888 926 1948 arinis
944 1886 994 1947 do·

81 1996 134 2052 ctis
150 2001 294 2068 enotatas,
317 1991 495 2069 perlustrari.
527 1993 649 2052 Adhibui
672 1993 755 2051 etiam
778 1989 931 2048 editionem
947 1987 992 2047 Fr.

82 2093 222 2171 floegeri,
247 2111 319 2171 quae
330 2090 471 2151 Monachii
488 2093 624 2152 sumtibus
642 2101 671 2150 et
687 2093 762 2166 typis
773 2088 808 2147 E.
820 2089 853 2148 Α.
867 2088 993 2149 Fleisch·
1095 2176 1096 2180 Ἰ

79 2212 161 2253 menn
173 2192 286 2271 prodiit.
318 2191 376 2252 Sed
394 2210 457 2252 cum
473 2192 523 2253 ille
537 2210 566 2252 v.
584 2192 611 2252 d.
628 2194 656 2251 in
668 2190 748 2250 titulo
761 2192 832 2250 haee
845 2192 993 2271 ascripsis-

79 2302 138 2354 set:
171 2294 216 2353 ad
229 2291 323 2370 sidem
340 2292 407 2355 cod.
429 2294 497 2355 bibl
523 2312 588 2371 rep.
610 2291 730 2354 Monac.
748 2300 862 2352 tectum
885 2301 993 2354 corcele-

80 2395 146 2469 tuit,
159 2412 212 2471 spe
224 2393 363 2470 deceptus
374 2412 446 2470 sum,
474 2411 537 2453 eum
551 2411 618 2455 mox
632 2392 832 2471 intelligerem,
854 2410 911 2455 non
922 2396 992 2453 inte·

78 2512 145 2572 gras
163 2490 238 2552 illius
256 2491 365 2553 codicis
385 2497 555 2574 scripturas,
577 2496 629 2556 sed
643 2493 717 2554 haud
728 2509 791 2553 raro
803 2495 927 2554 virorum
942 2495 992 2555 dc·

80 2604 189 2654 etomm
209 2593 422 2655 emendationes
447 2596 482 2656 ab
506 2613 541 2656 eo
569 2596 708 2655 exhibitas
729 2611 806 2653 esse.
842 2593 933 2666 Quam
954 2596 990 2655 ob

79 2714 140 2756 rem
156 2713 219 2754 cum
236 2713 273 2753 ex
290 2713 324 2754 ea
340 2696 463 2756 editione
481 2698 593 2757 minime
605 2702 806 2774 cognoscatur,
830 2712 902 2772 qnae
914 2695 992 2755 codi-

81 2797 122 2855 cis
133 2794 314 2854 Monacensis
326 2796 362 2853 sit
377 2804 517 2856 natureae
529 2796 617 2873 fides,
644 2812 737 2874 neque
750 2811 820 2872 quas
837 2795 990 2872 scripturas

80 2895 224 2972 exhibeat,
242 2903 334 2953 tamen
346 2894 487 2955 nonnullis
504 2896 578 2957 locis
594 2896 727 2956 iudicium
738 2911 830 2953 meum
845 2894 989 2956 conflrma-

78 3004 137 3055 tum
155 3003 207 3054 est.
244 2992 376 3054 ceterum
389 3013 461 3074 quae
474 2998 633 3076 quibusque
651 2996 686 3056 de
698 2995 806 3056 caussis
815 2996 988 3075 mutaverim,

80 3114 117 3154 ex
140 3095 366 3154 annotationibus
389 3094 486 3156 libello
514 3096 633 3156 adiectis
656 3094 780 3154 lectores
803 3106 987 3173 cognoscent.

78 3195 167 3258 Erunt
179 3204 272 3258 autem
288 3195 424 3272 fortasse,
455 3199 502 3275 qui
519 3215 564 3256 me
583 3192 659 3274 qnod
683 3195 937 3272 interpunctionem
954 3197 988 3258 ad
1031 3269 1038 3282 ,

78 3298 213 3356 maiorem
240 3295 446 3373 simplieitatem
468 3296 642 3373 redegerim,
671 3294 893 3372 reprehendant,
926 3315 988 3356 eum
