2266 3832
461 190 658 278 1‚22[11,o].
1021 193 1059 253 31

55 369 92 424 ut
102 358 231 467 imperii
242 366 369 421 scutum
380 366 562 422 vocaretur.
579 357 689 443 itaque
697 381 757 444 per
769 357 934 424 Samnium
945 365 1058 440 totum,
1068 377 1104 428 28

77 464 113 507 er
135 440 293 505 Falernos
317 439 553 525 Ganranosque
571 439 672 505 saltus
695 443 743 506 sic
762 440 941 506 maceravit
955 441 1058 503 Anni·

110 546 173 605 ern,
184 532 230 605 ut,
242 524 319 608 quia
335 522 409 586 fran
435 524 443 539 ”
460 524 581 586 virtute
594 544 661 587 non
674 534 810 608 poterat,
826 544 917 588 mora
931 525 1059 586 commi-

54 616 219 671 nueretur.
233 606 311 671 inde
323 545 461 672 Claudio
471 604 626 670 Marcello
638 606 720 672 duce
731 610 828 672 etiam
840 605 995 689 congredi
1006 628 1059 669 au·
1071 616 1105 666 29

55 712 109 757 sus
120 691 300 755 cornminus
310 690 401 754 venit
410 698 442 753 et
452 688 594 835 reppulit
604 690 639 752 in
653 689 863 776 Campaniam
875 710 966 753 suam
977 698 1009 752 et
1020 689 1062 753 ab

54 772 223 840 obsidione
234 773 337 838 Nolae
346 772 437 836 urbis
449 794 508 836 exc
522 775 597 837 usit.
609 794 707 838 ausus
718 784 750 839 et
762 772 950 859 Sempronio
963 771 1063 837 Grac·
1072 785 1107 836 30

54 856 114 923 cho
128 857 210 922 duce
223 878 282 942 per
292 855 471 920 Lucaniam
482 858 575 941 sequi
596 866 629 920 ct
643 878 790 943 premere
800 866 895 941 terga
905 855 1059 937 cedentis,

55 943 285 1028 quamvistum
311 979 355 991 —
379 940 501 1026 pudor!
531 978 575 989 -
602 939 714 1002 servili
725 949 885 1026 pugnaret
898 940 1021 1003 exercit
1051 961 1059 1037 Ξ

54 1022 309 1109 namhncusqne
318 1030 367 1087 tot
376 1024 462 1086 mala
472 1020 694 1106 conpulerant.
720 1024 778 1087 sed
789 1023 938 1088 libertate
950 1021 1061 1085 donati

36 1107 205 1173 rfeeerunc
222 1106 263 1171 de
279 1106 384 1169 servis
401 1127 435 1168 se
449 1107 570 1168 virtute
581 1105 755 1171 Romanos.
785 1128 804 1171 o
820 1104 1009 1170 horribilem
1025 1106 1101 1179 in31

53 1200 102 1256 tot
112 1190 263 1255 adversis
273 1188 440 1253 fiduciam!
456 1187 686 1334 osinffiarem
703 1191 846 1253 animum
861 1211 901 1252 ac
912 1189 1060 1273 spiritum

53 1273 169 1361 populi
181 1271 335 1337 Romani!
356 1280 424 1335 tam
433 1272 513 1334 artis
524 1292 544 1333 a
592 1272 728 1356 'otioque
738 1272 846 1352 rebus,
860 1281 897 1335 ut
911 1272 952 1334 de
963 1270 1060 1334 Italia

56 1378 116 1422 sua
126 1355 277 1421 dubitare
287 1352 462 1436 debuisset,
477 1375 576 1418 ausus
589 1363 698 1417 tamen
709 1365 759 1418 est
770 1357 805 1418 in
816 1355 947 1418 diversa
957 1356 1059 1438 respi-

56 1461 140 1522 cere,
155 1458 292 1524 cumque
308 1437 411 1502 hostis
423 1438 457 1500 in
474 1435 586 1521 iugulo
600 1459 659 1522 per
672 1437 881 1522 Campaniam
892 1435 1058 1521 Apuliam·
1068 1446 1103 1498 32

30 1552 55 1593 ιι
75 1544 119 1587 nc
135 1520 287 1587 volitaret
303 1519 506 1607 mediamque
522 1520 563 1583 de
580 1519 678 1583 Italia
692 1520 840 1584 Africam
857 1520 988 1599 faceret,
1008 1541 1058 1585 eo·

55 1546 132 1671 dem
137 1614 283 1689 tempore
289 1611 322 1667 et
331 1602 417 1668 hunc
429 1602 609 1667 sustinebat
620 1613 651 1667 et
661 1606 696 1667 in
704 1602 857 1686 Siciliam,
866 1601 1058 1683 Sardiniam,

55 1688 251 1775 Hispaniam
262 1686 369 1750 divisa
378 1707 436 1771 per
447 1694 606 1749 terrarum
617 1686 728 1752 orbem
740 1708 830 1750 arma
839 1684 997 1750 mittebat.

93 1778 96 1783 '
143 1770 254 1835 Sicilia
264 1769 417 1833 mandata
428 1769 594 1835 Marcello.
606 1791 667 1834 nec
678 1769 735 1834 diu
745 1771 880 1850 restitit3
893 1778 961 1834 tota
973 1770 1098 1840 enim33

56 1854 166 1920 insula
175 1855 211 1917 in
223 1873 288 1916 una
305 1852 387 1917 urbe
399 1861 551 1937 superata
562 1861 620 1915 est.
650 1853 774 1938 grande
789 1852 872 1917 illud
890 1863 1009 1917 etanta
1024 1852 1059 1916 id

25 1948 186 2023 atempns
201 1938 358 2000 invictum
370 1945 475 2021 caput,
491 1933 680 2080 Spracusae,
693 1937 841 2022 quamvis
852 1936 1057 1999 Archimedis

55 2021 189 2107 ingenio
211 2019 472 2100 defenderentur,
496 2039 516 2080 a
529 2018 671 2104 iquando
688 2028 865 2082 cesserunt.
896 2017 992 2102 longe
1009 2018 1058 2081 illi
1067 2045 1101 2096 34

56 2103 179 2190 triplex
195 2123 305 2167 murus
325 2101 460 2167 totidem
482 2122 523 2165 ue
538 2122 639 2183 arces,
659 2111 771 2185 portus
788 2100 843 2164 ille
860 2122 1057 2164 marmoreus

58 2197 91 2252 et
106 2186 182 2251 fons
198 2184 380 2250 celebratus
398 2186 480 2247 Aret
501 2205 597 2266 usae;
619 2185 683 2247 nisi
705 2184 793 2269 quod
810 2184 965 2247 haetenus
985 2206 1058 2268 pro-

58 2270 151 2335 fuere
172 2278 209 2332 nt
243 2268 573 2332 ulchritudinivictae
586 2267 678 2330 urbis
689 2276 886 2351 parceretur.

26 2360 52 2409 ²⁵
145 2291 329 2417 §aruinam
341 2350 507 2416 Gracchus
519 2351 665 2435 arripuit.
693 2350 752 2413 sed
761 2350 843 2413 nihil
853 2350 903 2413 illi
914 2352 1059 2434 gentium
1068 2361 1103 2413 35

57 2437 173 2501 feritas
190 2437 443 2519 insanornmque
459 2471 503 2483 —
516 2454 592 2496 narn
603 2434 649 2495 sio
660 2442 870 2497 vocantur—
886 2434 1059 2496 inmanitas

56 2519 216 2585 montium
225 2517 389 2603 profuere.
413 2517 572 2580 saevitum
582 2517 616 2578 in
626 2515 724 2579 urbes
736 2515 914 2601 urbemque
931 2516 1060 2580 urbium

59 2600 211 2683 Caralim,
228 2610 265 2664 ut
281 2622 361 2685 gens
380 2606 554 2665 contumax
568 2597 708 2683 vilisque
724 2600 837 2663 mortis
851 2599 964 2662 saltem
977 2600 1059 2663 desi-

59 2686 153 2751 derio
185 2685 261 2748 atrii
272 2683 333 2748 soli
345 2683 538 2748 domaretur.

24 2776 52 2819 ⁸⁰
163 2789 186 2830 n
206 2767 400 2853 Hispaniam
424 2766 517 2830 missi
539 2765 651 2829 Gneus
679 2775 711 2829 et
731 2764 868 2829 Publius
891 2763 1060 2850 Scipiones
1070 2777 1104 2829 36

120 2873 163 2915 ne
188 2860 290 2915 totam
309 2849 429 2914 Poenis
456 2849 655 2933 eripuerant,
682 2847 740 2912 sed
766 2848 894 2911 insidiis
916 2848 1058 2913 Punicae

109 2934 186 2998 udis
203 2935 350 3019 oppressi
364 2953 494 2995 rursum
510 2932 692 3013 amiserant,
714 2933 841 3014 magnis
866 2932 996 3018 quidem
1010 2932 1059 2995 illi

80 3016 278 3083 roeliiscum
288 3016 429 3079 Punicas
446 3013 739 3100 opescecidissent.
768 3024 817 3078 set
827 3015 970 3078 Punicae
981 3017 1058 3079 insi·

57 3040 135 3165 diso
150 3099 289 3163 alterum
305 3099 392 3162 ferro
408 3106 714 3178 castrametantem,
737 3097 883 3180 alterum,
905 3119 979 3162 cum
993 3100 1058 3161 iarn

26 3209 53 3253 a
62 3182 224 3247 evasisset
233 3182 268 3245 in
277 3191 408 3263 turrem,
419 3182 560 3244 cinctum
570 3180 696 3244 facibus
708 3189 944 3265 oppresserant.
960 3182 1059 3277 igitur
1069 3191 1094 3232 2·

58 3267 94 3329 in
106 3264 266 3331 ultionem
275 3265 377 3351 patris
395 3285 434 3328 ao
444 3264 552 3362 patrui
561 3265 680 3327 missus
698 3284 771 3327 curn
783 3265 928 3327 exercitu
940 3261 1057 3406 Serpio,

60 3350 114 3413 cni
122 3349 190 3413 iam
241 3347 325 3413 ande
337 3348 377 3413 de
387 3346 502 3412 Afrroa
511 3367 629 3412 nornen
641 3346 710 3409 fata
721 3347 940 3425 decreverant,
957 3344 999 3408 be
1012 3342 1057 3406 la·
1066 3379 1094 3404 ,ι-

60 3431 175 3497 tricem
193 3430 213 3527 ’ἱ
228 3450 290 3513 am,
308 3431 389 3495 viris
407 3431 569 3516 armisque
585 3428 724 3494 nobilem
742 3428 944 3512 Hispaniam,
968 3425 1048 3488 illan
