2266 3832
435 229 676 319 saep-u.
1036 239 1059 301 a

56 398 130 464 fnit.
158 399 207 463 sic
223 398 309 463 enim
327 398 475 462 effectum
494 407 551 480 est,
567 408 604 463 ut
621 400 760 483 agitatus
778 400 904 463 iniuriis
916 401 1057 486 populus

56 482 234 567 cupiditate
245 480 404 546 libertatis
416 481 654 546 incenderetur.

172 680 236 747 III.
257 682 321 747 DE
332 682 600 748 MVTATIONE
617 682 696 748 REI
707 683 944 750 PVBLIOAE.

141 812 247 899 Igitur
268 814 370 880 Bruto
396 814 620 903 Collatinoque
649 815 784 881 ducibus
806 825 838 880 et
860 817 1089 901 auctoribust)

31 897 174 1046 aquibus
185 898 341 964 ultionem
352 900 403 963 sui
412 901 552 964 moriens
565 909 711 966 matrona
721 899 1056 1001 mandaverat,pcpu-

68 1004 108 1045 us
131 981 295 1047 Romanus
323 982 366 1047 ad
386 983 617 1049 vindicandum
642 982 800 1048 libertatis
823 1004 862 1047 ac
881 984 1058 1069 pudrcrtrae

56 1064 156 1131 decus
167 1065 306 1152 quedam
324 1068 417 1152 quasi
433 1068 588 1131 instinctu
606 1067 739 1132 deorum
756 1069 933 1132 concitatus
946 1089 1059 1152 regem

55 1156 190 1235 repente
197 1148 350 1232 destituit,
361 1149 448 1215 bona
455 1150 574 1237 diripit,
587 1171 701 1235 agrum
706 1151 805 1215 Marti
816 1172 873 1214 suo
881 1159 1057 1231 consecrat,

55 1232 228 1317 imperium
244 1234 280 1296 in
296 1233 427 1298 eosdem
447 1232 606 1298 libertatis
624 1255 702 1297 suae
723 1234 870 1299 vindices
890 1235 1056 1317 transfert,

23 1314 181 1382 romutato
191 1323 300 1380 tamen
316 1326 348 1381 et
358 1318 428 1381 iure
445 1325 477 1380 et
487 1319 627 1382 nomine.
648 1319 766 1403 quippe
783 1327 989 1402 experpetuo
1001 1339 1087 1390 tan-2

55 1418 157 1461 nuum
167 1397 297 1483 placuit,
310 1421 352 1464 ex
365 1398 522 1485 singulari
534 1400 664 1487 duplex,
675 1422 716 1464 ne
727 1409 870 1485 potestas
883 1399 1056 1465 solitudine

55 1479 111 1544 vel
121 1502 212 1547 mora
223 1493 488 1568 corrumperetur,
507 1483 718 1570 consulesque
735 1484 913 1569 appellavit
930 1506 989 1569 pro
1008 1505 1056 1547 re-

55 1562 162 1649 gibus,
180 1574 216 1629 ut
234 1562 402 1631 consulere
421 1566 546 1631 civibus
559 1569 625 1631 suis
643 1589 678 1631 se
692 1566 811 1631 debere
823 1567 1055 1631 meminissent.

55 1655 244 1734 tantumque
262 1649 420 1714 libertatis
440 1672 545 1715 nevae
562 1651 717 1735 gaudium
733 1652 924 1731 incesserat,
944 1659 979 1714 ut
998 1651 1088 1716 vix3

22 1757 49 1799 ιι
56 1732 173 1794 mutati
189 1740 291 1796 status
314 1732 411 1798 fidem
429 1742 558 1820 caperet
578 1733 778 1820 alterumque
796 1756 838 1798 ex
859 1733 1055 1813 consulibus,

54 1812 227 1879 Lucretiae
243 1817 408 1899 maritum,
426 1826 551 1881 tantum
566 1817 607 1883 ob
625 1838 744 1881 nornen
761 1825 793 1880 et
809 1839 912 1900 genus
930 1819 1056 1900 regium

55 1896 200 1962 fascibus
223 1899 387 1984 abrogatis
410 1900 491 1965 urbe
515 1901 698 1966 dimitteret.
731 1901 840 1985 itaque
863 1900 1087 1964 substitutum

56 1976 212 2046 Horatius
223 1980 393 2049 Publicola
411 2005 534 2048 smnmo
552 1983 657 2048 studio
674 1983 806 2047 adnisus
819 1993 870 2046 est
884 1982 926 2047 ad
937 2004 1057 2067 augen-

56 2061 133 2127 dam
143 2063 360 2165 liberi'populi
370 2070 580 2130 maiestatem.
607 2088 683 2129 nam
700 2075 732 2130 et
745 2067 850 2129 fasces
864 2068 894 2130 ei
907 2087 965 2152 pre
983 2086 1057 2129 con-

20 2176 48 2219 a
57 2148 321 2233 tienesummisrt,
335 2150 425 2214 etius
438 2150 677 2236 provocationis
689 2148 846 2212 adversus
858 2151 946 2234 ipsos
958 2148 1057 2230 dedit,

56 2240 138 2297 etne
149 2234 256 2330 specie
267 2235 350 2297 areis
363 2234 540 2299 offenderet
550 2233 720 2296 eminentis
732 2232 822 2296 aedis
834 2253 908 2296 suas
920 2233 954 2295 in
959 2230 1058 2317 plana
1109 2247 1113 2252 '

56 2317 226 2380 summrsit.
255 2315 375 2380 Brutus
390 2339 468 2382 vero
479 2316 586 2380 favori
597 2317 717 2380 civium
734 2315 831 2379 etiam
848 2314 962 2379 domus
980 2325 1089 2379 suaet>

55 2396 150 2463 clade
169 2407 201 2463 et
238 2399 391 2466 arricidio
411 2399 591 2464 velificatus
607 2407 665 2463 est.
693 2399 812 2484 quippe
834 2419 907 2462 cum
928 2397 1058 2462 studere

55 2502 198 2547 revocan
268 2483 304 2547 in
320 2482 435 2548 urbem
450 2481 582 2567 regibus
606 2481 726 2547 liberos
745 2502 820 2545 suos
838 2483 1059 2568 comperisset,

22 2566 219 2653 aprotraxit
235 2565 394 2631 inferum
412 2575 444 2630 et
461 2567 611 2630 contione
626 2565 734 2629 media
748 2565 852 2648 virgis
864 2565 992 2644 cecidit,
1011 2585 1059 2628 se

56 2649 131 2714 curi
141 2649 310 2733 percussit,
325 2658 361 2713 ut
375 2649 472 2749 plane
507 2647 633 2712 ublicus
648 2669 765 2735 parens
777 2650 812 2710 in
825 2646 933 2712 locum
943 2646 1060 2711 libero·

55 2753 130 2797 rum
141 2731 311 2818 adoptasse
323 2671 551 2819 sibrpopulbm
560 2731 736 2796 videretur.

141 2813 242 2879 Liber
258 2817 323 2879 iam
338 2815 415 2881 hinc
439 2815 575 2902 populus
593 2815 758 2880 Romanus
780 2817 885 2899 prima
902 2815 1089 2879 adversust

57 2907 188 2965 exteros
209 2920 300 2963 arma
316 2921 375 2985 pro
397 2898 545 2964 libertate
568 2899 732 2997 corripuit,
752 2919 829 2962 mex
849 2920 908 2983 pro
929 2897 1059 2979 finibus,

21 2980 179 3053 mdcinde
194 3003 254 3069 pro
273 2985 379 3063 sociis,
397 2992 466 3047 tum
482 2981 589 3065 gloria
607 2990 639 3046 et
655 2983 801 3079 rmperio,
822 2980 1058 3046 lacessentibus

56 3064 195 3131 adsidue
214 3087 444 3153 usquequaque
470 3065 633 3147 finitimis3
660 3086 779 3151 qurppe
806 3066 859 3128 cui
879 3066 977 3151 patrii
998 3064 1090 3128 soli?

55 3146 177 3249 glaeba
192 3148 298 3231 nulla,
322 3160 371 3215 set
388 3149 497 3214 statim
512 3147 631 3213 hostile
648 3149 842 3234 pomerium,
869 3149 1059 3233 mediusque

55 3240 141 3297 mter
149 3231 280 3297 Latium
290 3232 396 3319 adque
407 3232 562 3297 Etruscos
578 3233 671 3318 quasi
685 3233 720 3295 in
730 3232 870 3317 quodam
883 3231 972 3295 bivio
985 3251 1062 3294 cen·

55 3312 181 3381 locatus
189 3316 339 3382 omnibus
351 3318 453 3403 portis
464 3317 500 3381 in
509 3315 635 3381 hostem
645 3316 842 3397 incurreret3
855 3315 958 3380 donec
966 3315 1086 3399 quasis

21 3402 209 3485 amntagio
227 3400 368 3486 quodam
385 3422 444 3487 per
461 3401 511 3464 sin
557 3400 606 3464 los
624 3399 704 3463 itum
717 3407 765 3462 est
783 3407 815 3461 et
823 3399 979 3483 proximis
992 3398 1060 3483 qui·

55 3480 183 3570 busque
194 3485 350 3570 correptis
360 3492 462 3549 totam
472 3422 602 3548 Italiam
612 3482 672 3548 sub
683 3503 717 3547 se
727 3481 934 3567 redegerunt.
