<?xml version="1.0" encoding="UTF-8"?>
<!DOCTYPE html PUBLIC "-//W3C//DTD XHTML 1.0 Transitional//EN"
    "http://www.w3.org/TR/xhtml1/DTD/xhtml1-transitional.dtd">
<html xmlns="http://www.w3.org/1999/xhtml" xml:lang="en" lang="en">
 <head>
  <title>
</title>
<meta http-equiv="Content-Type" content="text/html;charset=utf-8" />
  <meta name='ocr-system' content='tesseract 3.04.00' />
  <meta name='ocr-capabilities' content='ocr_page ocr_carea ocr_par ocr_line ocrx_word'/>
</head>
<body>
  <div class='ocr_page' id='page_1' title='image "./eutropiibreviar01crugoog_0166.png"; bbox 0 0 2266 3832; ppageno 0'>
   <div class='ocr_carea' id='block_1_1' title="bbox 387 208 1097 296">
    <p class='ocr_par' dir='ltr' id='par_1_1' title="bbox 387 208 1097 296">
     <span class='ocr_line' id='line_1_1' title="bbox 387 208 1097 296; baseline 0.003 -24"><span class='ocrx_word' id='word_1_1' title='bbox 387 208 784 296; x_wconf 78' lang='lat' dir='ltr'><strong>1‚38—4o[111‚3-5].</strong></span> <span class='ocrx_word' id='word_1_2' title='bbox 881 210 885 217; x_wconf 88' lang='lat'>&#39;</span> <span class='ocrx_word' id='word_1_3' title='bbox 1056 212 1097 274; x_wconf 80' lang='lat'><strong>53</strong></span> 
     </span>
    </p>
   </div>
   <div class='ocr_carea' id='block_1_2' title="bbox 55 374 1127 1463">
    <p class='ocr_par' dir='ltr' id='par_1_2' title="bbox 55 374 1127 1463">
     <span class='ocr_line' id='line_1_2' title="bbox 83 374 1124 462; baseline -0.003 -20"><span class='ocrx_word' id='word_1_4' title='bbox 83 378 254 443; x_wconf 84' lang='lat' dir='ltr'><strong>exercitus</strong></span> <span class='ocrx_word' id='word_1_5' title='bbox 277 398 372 462; x_wconf 90' lang='lat' dir='ltr'><strong>quem</strong></span> <span class='ocrx_word' id='word_1_6' title='bbox 393 376 531 439; x_wconf 84' lang='lat' dir='ltr'><strong>duxerat</strong></span> <span class='ocrx_word' id='word_1_7' title='bbox 553 374 645 439; x_wconf 80' lang='lat' dir='ltr'><strong>Cato.</strong></span> <span class='ocrx_word' id='word_1_8' title='bbox 674 374 793 438; x_wconf 83' lang='lat' dir='ltr'><strong>Didius</strong></span> <span class='ocrx_word' id='word_1_9' title='bbox 815 396 918 460; x_wconf 86' lang='lat' dir='ltr'><strong>vagos</strong></span> <span class='ocrx_word' id='word_1_10' title='bbox 942 384 973 438; x_wconf 88' lang='lat' dir='ltr'><strong>et</strong></span> <span class='ocrx_word' id='word_1_11' title='bbox 993 374 1124 440; x_wconf 75' lang='lat' dir='ltr'><strong>liberae</strong></span> 
     </span>
     <span class='ocr_line' id='line_1_3' title="bbox 110 457 1099 545; baseline -0.001 -21"><span class='ocrx_word' id='word_1_12' title='bbox 110 458 300 545; x_wconf 88' lang='lat' dir='ltr'><strong>epulatione</strong></span> <span class='ocrx_word' id='word_1_13' title='bbox 332 459 467 523; x_wconf 84' lang='lat' dir='ltr'><strong>diffusos</strong></span> <span class='ocrx_word' id='word_1_14' title='bbox 498 459 585 521; x_wconf 87' lang='lat' dir='ltr'><strong>intra</strong></span> <span class='ocrx_word' id='word_1_15' title='bbox 618 479 709 520; x_wconf 91' lang='lat' dir='ltr'><strong>suam</strong></span> <span class='ocrx_word' id='word_1_16' title='bbox 739 457 882 543; x_wconf 81' lang='lat' dir='ltr'><strong>reppulit</strong></span> <span class='ocrx_word' id='word_1_17' title='bbox 915 457 1099 523; x_wconf 80' lang='lat' dir='ltr'><strong>Thraciam.</strong></span> 
     </span>
     <span class='ocr_line' id='line_1_4' title="bbox 83 482 1100 626; baseline -0.003 -19"><span class='ocrx_word' id='word_1_18' title='bbox 83 482 221 607; x_wconf 69' lang='lat' dir='ltr'><strong>luanus</strong></span> <span class='ocrx_word' id='word_1_19' title='bbox 242 542 380 607; x_wconf 85' lang='lat' dir='ltr'><strong>ulterius</strong></span> <span class='ocrx_word' id='word_1_20' title='bbox 402 544 470 626; x_wconf 84' lang='lat' dir='ltr'><strong>egit</strong></span> <span class='ocrx_word' id='word_1_21' title='bbox 489 551 522 605; x_wconf 86' lang='lat' dir='ltr'><strong>et</strong></span> <span class='ocrx_word' id='word_1_22' title='bbox 540 542 645 605; x_wconf 87' lang='lat' dir='ltr'><strong>vetuit</strong></span> <span class='ocrx_word' id='word_1_23' title='bbox 660 542 799 605; x_wconf 88' lang='lat' dir='ltr'><strong>transire</strong></span> <span class='ocrx_word' id='word_1_24' title='bbox 814 541 1013 606; x_wconf 90' lang='lat' dir='ltr'><strong>Danuvium.</strong></span> <span class='ocrx_word' id='word_1_25' title='bbox 1039 542 1100 605; x_wconf 90' lang='lat' dir='ltr'><strong>Mi·</strong></span> 
     </span>
     <span class='ocr_line' id='line_1_5' title="bbox 85 624 1099 710; baseline -0.004 -19"><span class='ocrx_word' id='word_1_26' title='bbox 85 626 207 691; x_wconf 88' lang='lat' dir='ltr'><strong>nucius</strong></span> <span class='ocrx_word' id='word_1_27' title='bbox 234 634 303 691; x_wconf 82' lang='lat' dir='ltr'><strong>toto</strong></span> <span class='ocrx_word' id='word_1_28' title='bbox 329 626 474 690; x_wconf 83' lang='lat' dir='ltr'><strong>vastavit</strong></span> <span class='ocrx_word' id='word_1_29' title='bbox 500 624 629 707; x_wconf 88' lang='lat' dir='ltr'><strong>Hebro,</strong></span> <span class='ocrx_word' id='word_1_30' title='bbox 663 624 772 690; x_wconf 88' lang='lat' dir='ltr'><strong>multis</strong></span> <span class='ocrx_word' id='word_1_31' title='bbox 801 624 932 710; x_wconf 91' lang='lat' dir='ltr'><strong>quidem</strong></span> <span class='ocrx_word' id='word_1_32' title='bbox 960 626 1099 707; x_wconf 89' lang='lat' dir='ltr'><strong>amissis,</strong></span> 
     </span>
     <span class='ocr_line' id='line_1_6' title="bbox 64 707 1126 794; baseline -0.002 -21"><span class='ocrx_word' id='word_1_33' title='bbox 64 710 170 775; x_wconf 81' lang='lat' dir='ltr'><strong>adum</strong></span> <span class='ocrx_word' id='word_1_34' title='bbox 232 708 352 775; x_wconf 87' lang='lat' dir='ltr'><strong>rfidum</strong></span> <span class='ocrx_word' id='word_1_35' title='bbox 372 708 478 794; x_wconf 86' lang='lat' dir='ltr'><strong>glacie</strong></span> <span class='ocrx_word' id='word_1_36' title='bbox 498 707 619 773; x_wconf 87' lang='lat' dir='ltr'><strong>flumen</strong></span> <span class='ocrx_word' id='word_1_37' title='bbox 646 709 817 794; x_wconf 78' lang='lat' dir='ltr'><strong>equitatur.</strong></span> <span class='ocrx_word' id='word_1_38' title='bbox 848 708 950 773; x_wconf 86' lang='lat' dir='ltr'><strong>Volso</strong></span> <span class='ocrx_word' id='word_1_39' title='bbox 970 708 1126 774; x_wconf 83' lang='lat' dir='ltr'><strong>Rhodo-6</strong></span> 
     </span>
     <span class='ocr_line' id='line_1_7' title="bbox 86 791 1101 879; baseline -0.001 -22"><span class='ocrx_word' id='word_1_40' title='bbox 86 814 156 879; x_wconf 87' lang='lat' dir='ltr'><strong>pen</strong></span> <span class='ocrx_word' id='word_1_41' title='bbox 210 814 402 879; x_wconf 87' lang='lat' dir='ltr'><strong>aemumque</strong></span> <span class='ocrx_word' id='word_1_42' title='bbox 421 792 615 878; x_wconf 84' lang='lat' dir='ltr'><strong>penetravit.</strong></span> <span class='ocrx_word' id='word_1_43' title='bbox 645 791 744 857; x_wconf 78' lang='lat' dir='ltr'><strong>Curio</strong></span> <span class='ocrx_word' id='word_1_44' title='bbox 766 791 872 856; x_wconf 84' lang='lat' dir='ltr'><strong>Dacia</strong></span> <span class='ocrx_word' id='word_1_45' title='bbox 889 800 983 855; x_wconf 89' lang='lat' dir='ltr'><strong>tenus</strong></span> <span class='ocrx_word' id='word_1_46' title='bbox 1000 793 1101 874; x_wconf 88' lang='lat' dir='ltr'><strong>venit,</strong></span> 
     </span>
     <span class='ocr_line' id='line_1_8' title="bbox 89 873 1101 960; baseline -0.002 -19"><span class='ocrx_word' id='word_1_47' title='bbox 89 876 151 941; x_wconf 86' lang='lat' dir='ltr'><strong>sed</strong></span> <span class='ocrx_word' id='word_1_48' title='bbox 171 875 324 941; x_wconf 81' lang='lat' dir='ltr'><strong>tenebras</strong></span> <span class='ocrx_word' id='word_1_49' title='bbox 341 876 481 940; x_wconf 79' lang='lat' dir='ltr'><strong>saltrmm</strong></span> <span class='ocrx_word' id='word_1_50' title='bbox 498 876 641 960; x_wconf 88' lang='lat' dir='ltr'><strong>expavit.</strong></span> <span class='ocrx_word' id='word_1_51' title='bbox 669 876 796 960; x_wconf 90' lang='lat' dir='ltr'><strong>Appius</strong></span> <span class='ocrx_word' id='word_1_52' title='bbox 813 876 847 938; x_wconf 94' lang='lat' dir='ltr'><strong>in</strong></span> <span class='ocrx_word' id='word_1_53' title='bbox 866 873 1030 939; x_wconf 84' lang='lat' dir='ltr'><strong>Samnatas</strong></span> <span class='ocrx_word' id='word_1_54' title='bbox 1048 898 1101 939; x_wconf 88' lang='lat' dir='ltr'><strong>us·</strong></span> 
     </span>
     <span class='ocr_line' id='line_1_9' title="bbox 89 958 1102 1047; baseline -0.001 -24"><span class='ocrx_word' id='word_1_55' title='bbox 89 980 156 1047; x_wconf 89' lang='lat' dir='ltr'><strong>que</strong></span> <span class='ocrx_word' id='word_1_56' title='bbox 175 962 341 1045; x_wconf 87' lang='lat' dir='ltr'><strong>pervenit,</strong></span> <span class='ocrx_word' id='word_1_57' title='bbox 368 958 525 1024; x_wconf 75' lang='lat' dir='ltr'><strong>Lucullus</strong></span> <span class='ocrx_word' id='word_1_58' title='bbox 548 959 591 1024; x_wconf 91' lang='lat' dir='ltr'><strong>ad</strong></span> <span class='ocrx_word' id='word_1_59' title='bbox 611 961 785 1022; x_wconf 90' lang='lat' dir='ltr'><strong>terminum</strong></span> <span class='ocrx_word' id='word_1_60' title='bbox 807 960 953 1043; x_wconf 86' lang='lat' dir='ltr'><strong>gentium</strong></span> <span class='ocrx_word' id='word_1_61' title='bbox 975 958 1102 1022; x_wconf 85' lang='lat' dir='ltr'><strong>Tanain</strong></span> 
     </span>
     <span class='ocr_line' id='line_1_10' title="bbox 89 1042 1127 1128; baseline -0.001 -21"><span class='ocrx_word' id='word_1_62' title='bbox 89 1044 263 1128; x_wconf 87' lang='lat' dir='ltr'><strong>lacumque</strong></span> <span class='ocrx_word' id='word_1_63' title='bbox 297 1043 462 1107; x_wconf 85' lang='lat' dir='ltr'><strong>Maeotim.</strong></span> <span class='ocrx_word' id='word_1_64' title='bbox 501 1064 562 1106; x_wconf 92' lang='lat' dir='ltr'><strong>nec</strong></span> <span class='ocrx_word' id='word_1_65' title='bbox 591 1042 686 1106; x_wconf 89' lang='lat' dir='ltr'><strong>aliter</strong></span> <span class='ocrx_word' id='word_1_66' title='bbox 718 1043 934 1107; x_wconf 90' lang='lat' dir='ltr'><strong>cruentissimi</strong></span> <span class='ocrx_word' id='word_1_67' title='bbox 960 1042 1127 1107; x_wconf 74' lang='lat' dir='ltr'><strong>hostiumr</strong></span> 
     </span>
     <span class='ocr_line' id='line_1_11' title="bbox 55 1125 1101 1212; baseline -0.006 -17"><span class='ocrx_word' id='word_1_68' title='bbox 55 1150 83 1195; x_wconf 83' lang='grc'><strong>11</strong></span> <span class='ocrx_word' id='word_1_69' title='bbox 112 1146 191 1189; x_wconf 89' lang='lat' dir='ltr'><strong>uam</strong></span> <span class='ocrx_word' id='word_1_70' title='bbox 217 1127 286 1190; x_wconf 88' lang='lat' dir='ltr'><strong>suis</strong></span> <span class='ocrx_word' id='word_1_71' title='bbox 312 1125 456 1190; x_wconf 89' lang='lat' dir='ltr'><strong>moribus</strong></span> <span class='ocrx_word' id='word_1_72' title='bbox 486 1125 609 1190; x_wconf 89' lang='lat' dir='ltr'><strong>domiti.</strong></span> <span class='ocrx_word' id='word_1_73' title='bbox 670 1127 705 1190; x_wconf 93' lang='lat' dir='ltr'><strong>ui</strong></span> <span class='ocrx_word' id='word_1_74' title='bbox 727 1146 769 1212; x_wconf 87' lang='lat' dir='ltr'><strong>pe</strong></span> <span class='ocrx_word' id='word_1_75' title='bbox 795 1127 831 1189; x_wconf 90' lang='lat' dir='ltr'><strong>in</strong></span> <span class='ocrx_word' id='word_1_76' title='bbox 858 1127 1003 1211; x_wconf 87' lang='lat' dir='ltr'><strong>captivos</strong></span> <span class='ocrx_word' id='word_1_77' title='bbox 1032 1126 1101 1211; x_wconf 85' lang='lat' dir='ltr'><strong>igni</strong></span> 
     </span>
     <span class='ocr_line' id='line_1_12' title="bbox 89 1148 1101 1297; baseline -0.003 -22"><span class='ocrx_word' id='word_1_78' title='bbox 89 1148 245 1297; x_wconf 75' lang='lat' dir='ltr'><strong>lemque</strong></span> <span class='ocrx_word' id='word_1_79' title='bbox 266 1210 427 1274; x_wconf 85' lang='lat' dir='ltr'><strong>saevitum</strong></span> <span class='ocrx_word' id='word_1_80' title='bbox 448 1216 512 1291; x_wconf 72' lang='lat' dir='ltr'><strong>est,</strong></span> <span class='ocrx_word' id='word_1_81' title='bbox 536 1209 649 1274; x_wconf 89' lang='lat' dir='ltr'><strong>sedni</strong></span> <span class='ocrx_word' id='word_1_82' title='bbox 675 1209 697 1272; x_wconf 88' lang='lat' dir='ltr'><strong>&#39;l</strong></span> <span class='ocrx_word' id='word_1_83' title='bbox 741 1207 867 1272; x_wconf 85' lang='lat' dir='ltr'><strong>arbaris</strong></span> <span class='ocrx_word' id='word_1_84' title='bbox 890 1210 1031 1273; x_wconf 87' lang='lat' dir='ltr'><strong>atrocius</strong></span> <span class='ocrx_word' id='word_1_85' title='bbox 1053 1211 1101 1272; x_wconf 88' lang='lat' dir='ltr'><strong>vi-</strong></span> 
     </span>
     <span class='ocr_line' id='line_1_13' title="bbox 90 1290 1101 1379; baseline -0.001 -22"><span class='ocrx_word' id='word_1_86' title='bbox 90 1312 165 1357; x_wconf 87' lang='lat' dir='ltr'><strong>sum</strong></span> <span class='ocrx_word' id='word_1_87' title='bbox 191 1299 243 1357; x_wconf 87' lang='lat' dir='ltr'><strong>est</strong></span> <span class='ocrx_word' id='word_1_88' title='bbox 271 1312 368 1379; x_wconf 89' lang='lat' dir='ltr'><strong>quam</strong></span> <span class='ocrx_word' id='word_1_89' title='bbox 395 1293 483 1379; x_wconf 91' lang='lat' dir='ltr'><strong>quod</strong></span> <span class='ocrx_word' id='word_1_90' title='bbox 511 1291 649 1356; x_wconf 86' lang='lat' dir='ltr'><strong>abscisis</strong></span> <span class='ocrx_word' id='word_1_91' title='bbox 674 1290 824 1356; x_wconf 89' lang='lat' dir='ltr'><strong>manibus</strong></span> <span class='ocrx_word' id='word_1_92' title='bbox 851 1292 958 1357; x_wconf 86' lang='lat' dir='ltr'><strong>rolicti</strong></span> <span class='ocrx_word' id='word_1_93' title='bbox 988 1294 1101 1356; x_wconf 90' lang='lat' dir='ltr'><strong>vivere</strong></span> 
     </span>
     <span class='ocr_line' id='line_1_14' title="bbox 91 1375 762 1463; baseline -0.003 -22"><span class='ocrx_word' id='word_1_94' title='bbox 91 1376 285 1463; x_wconf 73' lang='lat' dir='ltr'><strong>superstites</strong></span> <span class='ocrx_word' id='word_1_95' title='bbox 308 1397 433 1462; x_wconf 90' lang='lat' dir='ltr'><strong>poenae</strong></span> <span class='ocrx_word' id='word_1_96' title='bbox 456 1397 533 1441; x_wconf 85' lang='lat' dir='ltr'><strong>auae</strong></span> <span class='ocrx_word' id='word_1_97' title='bbox 556 1375 762 1440; x_wconf 90' lang='lat' dir='ltr'><strong>iubebantur.</strong></span> 
     </span>
    </p>
   </div>
   <div class='ocr_carea' id='block_1_3' title="bbox 251 1507 942 1608">
    <p class='ocr_par' dir='ltr' id='par_1_3' title="bbox 251 1507 942 1608">
     <span class='ocr_line' id='line_1_15' title="bbox 251 1507 942 1608; baseline -0.003 -35"><span class='ocrx_word' id='word_1_98' title='bbox 251 1508 326 1573; x_wconf 87' lang='lat' dir='ltr'><strong>XL.</strong></span> <span class='ocrx_word' id='word_1_99' title='bbox 352 1508 539 1574; x_wconf 85' lang='lat' dir='ltr'><strong>BELLVM</strong></span> <span class='ocrx_word' id='word_1_100' title='bbox 557 1507 942 1608; x_wconf 64' lang='lat' dir='ltr'><strong>MITHalonrlcml.</strong></span> 
     </span>
    </p>
   </div>
   <div class='ocr_carea' id='block_1_4' title="bbox 10 1624 1133 3295">
    <p class='ocr_par' dir='ltr' id='par_1_4' title="bbox 10 1624 1133 3295">
     <span class='ocr_line' id='line_1_16' title="bbox 56 1624 1133 1712; baseline -0.009 -19"><span class='ocrx_word' id='word_1_101' title='bbox 56 1650 83 1693; x_wconf 85' lang='lat' dir='ltr'><strong>rs</strong></span> <span class='ocrx_word' id='word_1_102' title='bbox 164 1624 322 1691; x_wconf 82' lang='lat' dir='ltr'><strong>Ponticae</strong></span> <span class='ocrx_word' id='word_1_103' title='bbox 338 1634 451 1711; x_wconf 86' lang='lat' dir='ltr'><strong>gentes</strong></span> <span class='ocrx_word' id='word_1_104' title='bbox 470 1648 490 1689; x_wconf 98' lang='lat' dir='ltr'><strong>a</strong></span> <span class='ocrx_word' id='word_1_105' title='bbox 506 1627 725 1712; x_wconf 87' lang='lat' dir='ltr'><strong>septentrione</strong></span> <span class='ocrx_word' id='word_1_106' title='bbox 741 1627 776 1689; x_wconf 93' lang='lat' dir='ltr'><strong>in</strong></span> <span class='ocrx_word' id='word_1_107' title='bbox 792 1626 956 1688; x_wconf 88' lang='lat' dir='ltr'><strong>sinistrum</strong></span> <span class='ocrx_word' id='word_1_108' title='bbox 971 1625 1086 1709; x_wconf 82' lang='lat' dir='ltr'><strong>iacent,</strong></span> <span class='ocrx_word' id='word_1_109' title='bbox 1103 1649 1133 1685; x_wconf 78' lang='grc' dir='ltr'><strong>ιιι</strong></span> 
     </span>
     <span class='ocr_line' id='line_1_17' title="bbox 90 1708 1104 1796; baseline -0.002 -21"><span class='ocrx_word' id='word_1_110' title='bbox 90 1730 113 1775; x_wconf 84' lang='lat' dir='ltr'><strong>a</strong></span> <span class='ocrx_word' id='word_1_111' title='bbox 135 1708 273 1775; x_wconf 89' lang='lat' dir='ltr'><strong>Pontico</strong></span> <span class='ocrx_word' id='word_1_112' title='bbox 301 1710 548 1794; x_wconf 84' lang='lat' dir='ltr'><strong>cognominatae</strong></span> <span class='ocrx_word' id='word_1_113' title='bbox 576 1711 669 1772; x_wconf 89' lang='lat' dir='ltr'><strong>mari.</strong></span> <span class='ocrx_word' id='word_1_114' title='bbox 704 1709 819 1772; x_wconf 89' lang='lat' dir='ltr'><strong>harum</strong></span> <span class='ocrx_word' id='word_1_115' title='bbox 839 1709 985 1793; x_wconf 87' lang='lat' dir='ltr'><strong>gentium</strong></span> <span class='ocrx_word' id='word_1_116' title='bbox 1007 1716 1104 1796; x_wconf 89' lang='lat' dir='ltr'><strong>atque</strong></span> 
     </span>
     <span class='ocr_line' id='line_1_18' title="bbox 10 1790 1103 1891; baseline -0.003 -32"><span class='ocrx_word' id='word_1_117' title='bbox 10 1810 31 1849; x_wconf 61' lang='grc' dir='ltr'><strong><em>ἢ</em></strong></span> <span class='ocrx_word' id='word_1_118' title='bbox 89 1794 264 1877; x_wconf 79' lang='lat' dir='ltr'><strong>regionum</strong></span> <span class='ocrx_word' id='word_1_119' title='bbox 290 1814 352 1857; x_wconf 85' lang='lat' dir='ltr'><strong>rex</strong></span> <span class='ocrx_word' id='word_1_120' title='bbox 376 1792 619 1891; x_wconf 79' lang='lat' dir='ltr'><strong>antiquissimus</strong></span> <span class='ocrx_word' id='word_1_121' title='bbox 647 1794 781 1872; x_wconf 83' lang='lat' dir='ltr'><strong>Aeetas,</strong></span> <span class='ocrx_word' id='word_1_122' title='bbox 810 1802 885 1890; x_wconf 87' lang='lat' dir='ltr'><strong>post</strong></span> <span class='ocrx_word' id='word_1_123' title='bbox 911 1790 1103 1873; x_wconf 82' lang='lat' dir='ltr'><strong>Artabazes,</strong></span> 
     </span>
     <span class='ocr_line' id='line_1_19' title="bbox 90 1873 1103 1963; baseline -0.001 -22"><span class='ocrx_word' id='word_1_124' title='bbox 90 1896 112 1941; x_wconf 85' lang='lat' dir='ltr'><strong>a</strong></span> <span class='ocrx_word' id='word_1_125' title='bbox 132 1885 257 1963; x_wconf 84' lang='lat' dir='ltr'><strong>septem</strong></span> <span class='ocrx_word' id='word_1_126' title='bbox 278 1873 389 1939; x_wconf 88' lang='lat' dir='ltr'><strong>Persis</strong></span> <span class='ocrx_word' id='word_1_127' title='bbox 412 1875 584 1958; x_wconf 86' lang='lat' dir='ltr'><strong>orrundus,</strong></span> <span class='ocrx_word' id='word_1_128' title='bbox 614 1876 690 1940; x_wconf 92' lang='lat' dir='ltr'><strong>inde</strong></span> <span class='ocrx_word' id='word_1_129' title='bbox 712 1875 934 1956; x_wconf 87' lang='lat' dir='ltr'><strong>Mithrrdates,</strong></span> <span class='ocrx_word' id='word_1_130' title='bbox 962 1877 1103 1940; x_wconf 88' lang='lat' dir='ltr'><strong>omniurn</strong></span> 
     </span>
     <span class='ocr_line' id='line_1_20' title="bbox 89 1958 1130 2057; baseline -0.001 -34"><span class='ocrx_word' id='word_1_131' title='bbox 89 1959 191 2044; x_wconf 83' lang='lat' dir='ltr'><strong>longe</strong></span> <span class='ocrx_word' id='word_1_132' title='bbox 211 1959 384 2023; x_wconf 87' lang='lat' dir='ltr'><strong>maximus.</strong></span> <span class='ocrx_word' id='word_1_133' title='bbox 418 1959 495 2044; x_wconf 89' lang='lat' dir='ltr'><strong>quip</strong></span> <span class='ocrx_word' id='word_1_134' title='bbox 519 1981 537 2022; x_wconf 88' lang='lat' dir='ltr'><strong>c</strong></span> <span class='ocrx_word' id='word_1_135' title='bbox 560 1981 634 2023; x_wconf 93' lang='lat' dir='ltr'><strong>cum</strong></span> <span class='ocrx_word' id='word_1_136' title='bbox 655 1968 806 2057; x_wconf 78' lang='lat' dir='ltr'><strong>quattuor</strong></span> <span class='ocrx_word' id='word_1_137' title='bbox 830 1958 972 2044; x_wconf 87' lang='lat' dir='ltr'><strong>Pyrrho,</strong></span> <span class='ocrx_word' id='word_1_138' title='bbox 996 1959 1130 2022; x_wconf 76' lang='lat' dir='ltr'><strong>tuedo-2</strong></span> 
     </span>
     <span class='ocr_line' id='line_1_21' title="bbox 56 2040 1105 2125; baseline -0.005 -17"><span class='ocrx_word' id='word_1_139' title='bbox 56 2044 157 2113; x_wconf 72' lang='lat' dir='ltr'><strong>accim</strong></span> <span class='ocrx_word' id='word_1_140' title='bbox 174 2042 253 2105; x_wconf 90' lang='lat' dir='ltr'><strong>anni</strong></span> <span class='ocrx_word' id='word_1_141' title='bbox 270 2041 428 2106; x_wconf 88' lang='lat' dir='ltr'><strong>Annibali</strong></span> <span class='ocrx_word' id='word_1_142' title='bbox 446 2062 485 2105; x_wconf 91' lang='lat' dir='ltr'><strong>su</strong></span> <span class='ocrx_word' id='word_1_143' title='bbox 511 2041 727 2123; x_wconf 89' lang='lat' dir='ltr'><strong>ecerint,1lle</strong></span> <span class='ocrx_word' id='word_1_144' title='bbox 766 2064 801 2106; x_wconf 91' lang='lat' dir='ltr'><strong>er</strong></span> <span class='ocrx_word' id='word_1_145' title='bbox 839 2040 1033 2125; x_wconf 86' lang='lat' dir='ltr'><strong>uadraginta</strong></span> <span class='ocrx_word' id='word_1_146' title='bbox 1049 2062 1105 2104; x_wconf 89' lang='lat' dir='ltr'><strong>an-</strong></span> 
     </span>
     <span class='ocr_line' id='line_1_22' title="bbox 90 2064 1104 2207; baseline -0.003 -18"><span class='ocrx_word' id='word_1_147' title='bbox 90 2146 153 2191; x_wconf 92' lang='lat' dir='ltr'><strong>nos</strong></span> <span class='ocrx_word' id='word_1_148' title='bbox 180 2125 314 2207; x_wconf 82' lang='lat' dir='ltr'><strong>restitit,</strong></span> <span class='ocrx_word' id='word_1_149' title='bbox 346 2125 450 2190; x_wconf 88' lang='lat' dir='ltr'><strong>donec</strong></span> <span class='ocrx_word' id='word_1_150' title='bbox 478 2124 584 2189; x_wconf 86' lang='lat' dir='ltr'><strong>tribus</strong></span> <span class='ocrx_word' id='word_1_151' title='bbox 613 2127 648 2189; x_wconf 92' lang='lat' dir='ltr'><strong>in</strong></span> <span class='ocrx_word' id='word_1_152' title='bbox 672 2064 800 2188; x_wconf 64' lang='lat' dir='ltr'><strong>entibus</strong></span> <span class='ocrx_word' id='word_1_153' title='bbox 855 2123 926 2187; x_wconf 83' lang='lat' dir='ltr'><strong>ollis</strong></span> <span class='ocrx_word' id='word_1_154' title='bbox 951 2124 1104 2187; x_wconf 89' lang='lat' dir='ltr'><strong>subactus</strong></span> 
     </span>
     <span class='ocr_line' id='line_1_23' title="bbox 91 2146 1105 2292; baseline -0.006 -17"><span class='ocrx_word' id='word_1_155' title='bbox 91 2208 251 2275; x_wconf 76' lang='lat' dir='ltr'><strong>felicitate</strong></span> <span class='ocrx_word' id='word_1_156' title='bbox 272 2206 398 2290; x_wconf 82' lang='lat' dir='ltr'><strong>Sullae,</strong></span> <span class='ocrx_word' id='word_1_157' title='bbox 419 2208 540 2271; x_wconf 88' lang='lat' dir='ltr'><strong>virtute</strong></span> <span class='ocrx_word' id='word_1_158' title='bbox 561 2146 705 2288; x_wconf 77' lang='lat' dir='ltr'><strong>Luculli,</strong></span> <span class='ocrx_word' id='word_1_159' title='bbox 728 2228 782 2270; x_wconf 89' lang='lat' dir='ltr'><strong>ma</strong></span> <span class='ocrx_word' id='word_1_160' title='bbox 829 2207 952 2270; x_wconf 87' lang='lat' dir='ltr'><strong>‘tudine</strong></span> <span class='ocrx_word' id='word_1_161' title='bbox 969 2206 1105 2292; x_wconf 91' lang='lat' dir='ltr'><strong>Pompei</strong></span> 
     </span>
     <span class='ocr_line' id='line_1_24' title="bbox 91 2289 1130 2377; baseline -0.006 -19"><span class='ocrx_word' id='word_1_162' title='bbox 91 2299 347 2359; x_wconf 85' lang='lat' dir='ltr'><strong>consumeretur.</strong></span> <span class='ocrx_word' id='word_1_163' title='bbox 378 2312 509 2356; x_wconf 90' lang='lat' dir='ltr'><strong>causam</strong></span> <span class='ocrx_word' id='word_1_164' title='bbox 529 2291 659 2377; x_wconf 90' lang='lat' dir='ltr'><strong>quidem</strong></span> <span class='ocrx_word' id='word_1_165' title='bbox 676 2289 764 2354; x_wconf 93' lang='lat' dir='ltr'><strong>illius</strong></span> <span class='ocrx_word' id='word_1_166' title='bbox 806 2289 861 2353; x_wconf 90' lang='lat' dir='ltr'><strong>elli</strong></span> <span class='ocrx_word' id='word_1_167' title='bbox 876 2290 1130 2376; x_wconf 79' lang='lat' dir='ltr'><strong>praetenderata</strong></span> 
     </span>
     <span class='ocr_line' id='line_1_25' title="bbox 90 2374 1103 2463; baseline -0.004 -22"><span class='ocrx_word' id='word_1_168' title='bbox 90 2382 173 2463; x_wconf 86' lang='lat' dir='ltr'><strong>aput</strong></span> <span class='ocrx_word' id='word_1_169' title='bbox 193 2374 344 2441; x_wconf 83' lang='lat' dir='ltr'><strong>Cassium</strong></span> <span class='ocrx_word' id='word_1_170' title='bbox 365 2374 525 2460; x_wconf 86' lang='lat' dir='ltr'><strong>legatum,</strong></span> <span class='ocrx_word' id='word_1_171' title='bbox 551 2374 725 2439; x_wconf 83' lang='lat' dir='ltr'><strong>adtrectari</strong></span> <span class='ocrx_word' id='word_1_172' title='bbox 747 2374 901 2438; x_wconf 88' lang='lat' dir='ltr'><strong>terminos</strong></span> <span class='ocrx_word' id='word_1_173' title='bbox 918 2394 993 2437; x_wconf 91' lang='lat' dir='ltr'><strong>suos</strong></span> <span class='ocrx_word' id='word_1_174' title='bbox 1011 2395 1031 2435; x_wconf 86' lang='lat' dir='ltr'><strong>a</strong></span> <span class='ocrx_word' id='word_1_175' title='bbox 1045 2374 1103 2437; x_wconf 88' lang='lat' dir='ltr'><strong>Ni·</strong></span> 
     </span>
     <span class='ocr_line' id='line_1_26' title="bbox 57 2456 1104 2544; baseline -0.005 -19"><span class='ocrx_word' id='word_1_176' title='bbox 57 2458 228 2527; x_wconf 79' lang='lat' dir='ltr'><strong>sscomcde</strong></span> <span class='ocrx_word' id='word_1_177' title='bbox 259 2457 422 2544; x_wconf 78' lang='lat' dir='ltr'><strong>Bithyn03</strong></span> <span class='ocrx_word' id='word_1_178' title='bbox 455 2466 599 2522; x_wconf 91' lang='lat' dir='ltr'><strong>ceterum</strong></span> <span class='ocrx_word' id='word_1_179' title='bbox 632 2458 735 2522; x_wconf 88' lang='lat' dir='ltr'><strong>elatus</strong></span> <span class='ocrx_word' id='word_1_180' title='bbox 767 2458 883 2521; x_wconf 89' lang='lat' dir='ltr'><strong>animis</strong></span> <span class='ocrx_word' id='word_1_181' title='bbox 916 2456 1104 2542; x_wconf 84' lang='lat' dir='ltr'><strong>ingentibus</strong></span> 
     </span>
     <span class='ocr_line' id='line_1_27' title="bbox 88 2539 1105 2639; baseline -0.005 -31"><span class='ocrx_word' id='word_1_182' title='bbox 88 2543 194 2608; x_wconf 85' lang='lat' dir='ltr'><strong>Asiae</strong></span> <span class='ocrx_word' id='word_1_183' title='bbox 214 2543 313 2608; x_wconf 86' lang='lat' dir='ltr'><strong>totius</strong></span> <span class='ocrx_word' id='word_1_184' title='bbox 336 2550 383 2623; x_wconf 90' lang='lat' dir='ltr'><strong>et,</strong></span> <span class='ocrx_word' id='word_1_185' title='bbox 411 2543 440 2606; x_wconf 92' lang='lat' dir='ltr'><strong>si</strong></span> <span class='ocrx_word' id='word_1_186' title='bbox 461 2550 586 2627; x_wconf 90' lang='lat' dir='ltr'><strong>posset,</strong></span> <span class='ocrx_word' id='word_1_187' title='bbox 616 2541 768 2625; x_wconf 86' lang='lat' dir='ltr'><strong>Europae</strong></span> <span class='ocrx_word' id='word_1_188' title='bbox 790 2540 967 2639; x_wconf 89' lang='lat' dir='ltr'><strong>cupiditate</strong></span> <span class='ocrx_word' id='word_1_189' title='bbox 987 2539 1105 2624; x_wconf 85' lang='lat' dir='ltr'><strong>flagra·</strong></span> 
     </span>
     <span class='ocr_line' id='line_1_28' title="bbox 88 2625 1131 2722; baseline 0 -30"><span class='ocrx_word' id='word_1_190' title='bbox 88 2626 159 2693; x_wconf 79' lang='lat' dir='ltr'><strong>bat.</strong></span> <span class='ocrx_word' id='word_1_191' title='bbox 181 2646 273 2713; x_wconf 84' lang='lat' dir='ltr'><strong>spem</strong></span> <span class='ocrx_word' id='word_1_192' title='bbox 287 2648 327 2690; x_wconf 87' lang='lat' dir='ltr'><strong>ac</strong></span> <span class='ocrx_word' id='word_1_193' title='bbox 343 2625 497 2689; x_wconf 87' lang='lat' dir='ltr'><strong>fiduciam</strong></span> <span class='ocrx_word' id='word_1_194' title='bbox 514 2625 637 2690; x_wconf 89' lang='lat' dir='ltr'><strong>dabant</strong></span> <span class='ocrx_word' id='word_1_195' title='bbox 653 2635 766 2689; x_wconf 86' lang='lat' dir='ltr'><strong>nostra</strong></span> <span class='ocrx_word' id='word_1_196' title='bbox 781 2625 871 2689; x_wconf 88' lang='lat' dir='ltr'><strong>vitra.</strong></span> <span class='ocrx_word' id='word_1_197' title='bbox 896 2625 1014 2722; x_wconf 87' lang='lat' dir='ltr'><strong>quippe</strong></span> <span class='ocrx_word' id='word_1_198' title='bbox 1032 2645 1131 2692; x_wconf 74' lang='lat' dir='ltr'><strong>cums</strong></span> 
     </span>
     <span class='ocr_line' id='line_1_29' title="bbox 89 2707 1105 2793; baseline -0.006 -17"><span class='ocrx_word' id='word_1_199' title='bbox 89 2708 246 2775; x_wconf 80' lang='lat' dir='ltr'><strong>civilibus</strong></span> <span class='ocrx_word' id='word_1_200' title='bbox 266 2708 363 2773; x_wconf 89' lang='lat' dir='ltr'><strong>bellis</strong></span> <span class='ocrx_word' id='word_1_201' title='bbox 388 2709 673 2793; x_wconf 84' lang='lat' dir='ltr'><strong>distringeremur,</strong></span> <span class='ocrx_word' id='word_1_202' title='bbox 695 2707 856 2773; x_wconf 86' lang='lat' dir='ltr'><strong>invitabat</strong></span> <span class='ocrx_word' id='word_1_203' title='bbox 878 2728 1020 2785; x_wconf 80' lang='lat' dir='ltr'><strong>occasio,</strong></span> <span class='ocrx_word' id='word_1_204' title='bbox 1046 2729 1105 2770; x_wconf 92' lang='lat' dir='ltr'><strong>nu·</strong></span> 
     </span>
     <span class='ocr_line' id='line_1_30' title="bbox 90 2790 1104 2880; baseline -0.007 -21"><span class='ocrx_word' id='word_1_205' title='bbox 90 2794 236 2880; x_wconf 90' lang='lat' dir='ltr'><strong>dumque</strong></span> <span class='ocrx_word' id='word_1_206' title='bbox 250 2792 335 2857; x_wconf 84' lang='lat' dir='ltr'><strong>latus</strong></span> <span class='ocrx_word' id='word_1_207' title='bbox 350 2793 478 2878; x_wconf 91' lang='lat' dir='ltr'><strong>imperii</strong></span> <span class='ocrx_word' id='word_1_208' title='bbox 492 2791 707 2856; x_wconf 83' lang='lat' dir='ltr'><strong>ostendebant</strong></span> <span class='ocrx_word' id='word_1_209' title='bbox 721 2791 834 2877; x_wconf 92' lang='lat' dir='ltr'><strong>procul</strong></span> <span class='ocrx_word' id='word_1_210' title='bbox 847 2791 986 2871; x_wconf 89' lang='lat' dir='ltr'><strong>Marius,</strong></span> <span class='ocrx_word' id='word_1_211' title='bbox 1004 2790 1104 2872; x_wconf 88' lang='lat' dir='ltr'><strong>Sulla,</strong></span> 
     </span>
     <span class='ocr_line' id='line_1_31' title="bbox 56 2874 1129 2960; baseline -0.007 -17"><span class='ocrx_word' id='word_1_212' title='bbox 56 2874 268 2949; x_wconf 60' lang='lat' dir='ltr'><strong>„Senonas</strong></span> <span class='ocrx_word' id='word_1_213' title='bbox 300 2877 386 2940; x_wconf 87' lang='lat' dir='ltr'><strong>inter</strong></span> <span class='ocrx_word' id='word_1_214' title='bbox 410 2875 491 2940; x_wconf 87' lang='lat' dir='ltr'><strong>haec</strong></span> <span class='ocrx_word' id='word_1_215' title='bbox 515 2877 564 2939; x_wconf 91' lang='lat' dir='ltr'><strong>rei</strong></span> <span class='ocrx_word' id='word_1_216' title='bbox 586 2875 736 2960; x_wconf 90' lang='lat' dir='ltr'><strong>publicae</strong></span> <span class='ocrx_word' id='word_1_217' title='bbox 756 2874 894 2939; x_wconf 88' lang='lat' dir='ltr'><strong>vulnera</strong></span> <span class='ocrx_word' id='word_1_218' title='bbox 920 2874 1129 2943; x_wconf 73' lang='lat' dir='ltr'><strong>ethesius</strong></span> 
     </span>
     <span class='ocr_line' id='line_1_32' title="bbox 89 2956 1105 3046; baseline -0.005 -21"><span class='ocrx_word' id='word_1_219' title='bbox 89 2960 214 3025; x_wconf 86' lang='lat' dir='ltr'><strong>multus</strong></span> <span class='ocrx_word' id='word_1_220' title='bbox 235 2968 369 3046; x_wconf 86' lang='lat' dir='ltr'><strong>repente</strong></span> <span class='ocrx_word' id='word_1_221' title='bbox 391 2959 485 3046; x_wconf 88' lang='lat' dir='ltr'><strong>quasi</strong></span> <span class='ocrx_word' id='word_1_222' title='bbox 508 2968 636 3044; x_wconf 88' lang='lat' dir='ltr'><strong>captato</strong></span> <span class='ocrx_word' id='word_1_223' title='bbox 658 2968 802 3045; x_wconf 89' lang='lat' dir='ltr'><strong>tempore</strong></span> <span class='ocrx_word' id='word_1_224' title='bbox 827 2958 985 3022; x_wconf 84' lang='lat' dir='ltr'><strong>inlaesos</strong></span> <span class='ocrx_word' id='word_1_225' title='bbox 1010 2956 1105 3035; x_wconf 84' lang='lat' dir='ltr'><strong>simul</strong></span> 
     </span>
     <span class='ocr_line' id='line_1_33' title="bbox 90 3041 1105 3191; baseline -0.005 -83"><span class='ocrx_word' id='word_1_226' title='bbox 90 3052 191 3191; x_wconf 59' lang='lat' dir='ltr'><strong>ateius</strong></span> <span class='ocrx_word' id='word_1_227' title='bbox 218 3042 385 3108; x_wconf 83' lang='lat' dir='ltr'><strong>districtos</strong></span> <span class='ocrx_word' id='word_1_228' title='bbox 414 3042 539 3107; x_wconf 88' lang='lat' dir='ltr'><strong>subitus</strong></span> <span class='ocrx_word' id='word_1_229' title='bbox 560 3042 655 3108; x_wconf 93' lang='lat' dir='ltr'><strong>turbo</strong></span> <span class='ocrx_word' id='word_1_230' title='bbox 676 3042 805 3108; x_wconf 92' lang='lat' dir='ltr'><strong>Pontici</strong></span> <span class='ocrx_word' id='word_1_231' title='bbox 826 3041 905 3106; x_wconf 88' lang='lat' dir='ltr'><strong>belli</strong></span> <span class='ocrx_word' id='word_1_232' title='bbox 927 3041 969 3106; x_wconf 89' lang='lat' dir='ltr'><strong>ab</strong></span> <span class='ocrx_word' id='word_1_233' title='bbox 990 3041 1105 3104; x_wconf 89' lang='lat' dir='ltr'><strong>ultima</strong></span> 
     </span>
     <span class='ocr_line' id='line_1_34' title="bbox 90 3127 741 3215; baseline -0.006 -22"><span class='ocrx_word' id='word_1_234' title='bbox 90 3127 197 3193; x_wconf 84' lang='lat' dir='ltr'><strong>venti</strong></span> <span class='ocrx_word' id='word_1_235' title='bbox 220 3127 353 3215; x_wconf 89' lang='lat' dir='ltr'><strong>specula</strong></span> <span class='ocrx_word' id='word_1_236' title='bbox 371 3127 601 3213; x_wconf 86' lang='lat' dir='ltr'><strong>septentrionis</strong></span> <span class='ocrx_word' id='word_1_237' title='bbox 624 3148 682 3191; x_wconf 88' lang='lat' dir='ltr'><strong>eru</strong></span> <span class='ocrx_word' id='word_1_238' title='bbox 705 3127 741 3189; x_wconf 92' lang='lat' dir='ltr'><strong>it.</strong></span> 
     </span>
     <span class='ocr_line' id='line_1_35' title="bbox 178 3148 1127 3295; baseline -0.005 -22"><span class='ocrx_word' id='word_1_239' title='bbox 178 3210 308 3275; x_wconf 88' lang='lat' dir='ltr'><strong>Primus</strong></span> <span class='ocrx_word' id='word_1_240' title='bbox 323 3211 432 3274; x_wconf 87' lang='lat' dir='ltr'><strong>statim</strong></span> <span class='ocrx_word' id='word_1_241' title='bbox 444 3211 583 3295; x_wconf 90' lang='lat' dir='ltr'><strong>impetus</strong></span> <span class='ocrx_word' id='word_1_242' title='bbox 592 3209 672 3274; x_wconf 93' lang='lat' dir='ltr'><strong>belli</strong></span> <span class='ocrx_word' id='word_1_243' title='bbox 682 3148 872 3295; x_wconf 60' lang='lat' dir='ltr'><strong>bithyniam</strong></span> <span class='ocrx_word' id='word_1_244' title='bbox 882 3211 1004 3295; x_wconf 89' lang='lat' dir='ltr'><strong>rapuit,</strong></span> <span class='ocrx_word' id='word_1_245' title='bbox 1022 3207 1127 3270; x_wconf 62' lang='lat' dir='ltr'><strong>Asiae</strong></span> 
     </span>
    </p>
   </div>
   <div class='ocr_carea' id='block_1_5' title="bbox 59 3292 1121 3545">
    <p class='ocr_par' dir='ltr' id='par_1_5' title="bbox 59 3292 1121 3545">
     <span class='ocr_line' id='line_1_36' title="bbox 59 3292 1097 3378; baseline -0.005 -21"><span class='ocrx_word' id='word_1_246' title='bbox 59 3292 172 3359; x_wconf 78' lang='lat' dir='ltr'><strong>asinde</strong></span> <span class='ocrx_word' id='word_1_247' title='bbox 212 3295 262 3357; x_wconf 85' lang='lat' dir='ltr'><strong>ari</strong></span> <span class='ocrx_word' id='word_1_248' title='bbox 277 3302 404 3359; x_wconf 87' lang='lat' dir='ltr'><strong>terrore</strong></span> <span class='ocrx_word' id='word_1_249' title='bbox 421 3302 570 3378; x_wconf 91' lang='lat' dir='ltr'><strong>correpta</strong></span> <span class='ocrx_word' id='word_1_250' title='bbox 587 3301 651 3374; x_wconf 85' lang='lat' dir='ltr'><strong>est,</strong></span> <span class='ocrx_word' id='word_1_251' title='bbox 670 3313 730 3356; x_wconf 91' lang='lat' dir='ltr'><strong>nec</strong></span> <span class='ocrx_word' id='word_1_252' title='bbox 741 3300 929 3356; x_wconf 86' lang='lat' dir='ltr'><strong>cunctanter</strong></span> <span class='ocrx_word' id='word_1_253' title='bbox 939 3292 982 3355; x_wconf 86' lang='lat' dir='ltr'><strong>ad</strong></span> <span class='ocrx_word' id='word_1_254' title='bbox 992 3310 1097 3374; x_wconf 84' lang='lat' dir='ltr'><strong>regen</strong></span> 
     </span>
     <span class='ocr_line' id='line_1_37' title="bbox 93 3315 1121 3463; baseline -0.008 -21"><span class='ocrx_word' id='word_1_255' title='bbox 93 3374 137 3441; x_wconf 80' lang='lat' dir='ltr'><strong>ab</strong></span> <span class='ocrx_word' id='word_1_256' title='bbox 153 3315 292 3442; x_wconf 73' lang='lat' dir='ltr'><strong>urbibus</strong></span> <span class='ocrx_word' id='word_1_257' title='bbox 310 3377 430 3441; x_wconf 88' lang='lat' dir='ltr'><strong>nostris</strong></span> <span class='ocrx_word' id='word_1_258' title='bbox 446 3376 640 3463; x_wconf 89' lang='lat' dir='ltr'><strong>populisque</strong></span> <span class='ocrx_word' id='word_1_259' title='bbox 657 3376 814 3440; x_wconf 90' lang='lat' dir='ltr'><strong>descitum</strong></span> <span class='ocrx_word' id='word_1_260' title='bbox 830 3383 889 3439; x_wconf 89' lang='lat' dir='ltr'><strong>est.</strong></span> <span class='ocrx_word' id='word_1_261' title='bbox 911 3374 1038 3454; x_wconf 89' lang='lat' dir='ltr'><strong>aderat,</strong></span> <span class='ocrx_word' id='word_1_262' title='bbox 1056 3372 1121 3435; x_wconf 70' lang='lat' dir='ltr'><strong>in·÷</strong></span> 
     </span>
     <span class='ocr_line' id='line_1_38' title="bbox 94 3454 1083 3545; baseline -0.007 -20"><span class='ocrx_word' id='word_1_263' title='bbox 94 3458 220 3543; x_wconf 74' lang='lat' dir='ltr'><strong>rabat,</strong></span> <span class='ocrx_word' id='word_1_264' title='bbox 242 3459 380 3525; x_wconf 73' lang='grc'><strong>11111111</strong></span> <span class='ocrx_word' id='word_1_265' title='bbox 400 3461 493 3545; x_wconf 70' lang='lat' dir='ltr'><strong>quusi</strong></span> <span class='ocrx_word' id='word_1_266' title='bbox 511 3460 633 3525; x_wconf 80' lang='lat' dir='ltr'><strong>virtute</strong></span> <span class='ocrx_word' id='word_1_267' title='bbox 649 3457 800 3523; x_wconf 63' lang='lat' dir='ltr'><strong>ureteras</strong></span> <span class='ocrx_word' id='word_1_268' title='bbox 831 3477 905 3506; x_wconf 72' lang='lat' dir='ltr'><strong>nam</strong></span> <span class='ocrx_word' id='word_1_269' title='bbox 925 3454 1000 3538; x_wconf 78' lang='lat' dir='ltr'><strong>qnid</strong></span> <span class='ocrx_word' id='word_1_270' title='bbox 1020 3462 1083 3512; x_wconf 63' lang='lat' dir='ltr'><strong>atre</strong></span> 
     </span>
    </p>
   </div>
   <div class='ocr_carea' id='block_1_6' title="bbox 0 0 1138 3832">
    <p class='ocr_par' dir='ltr' id='par_1_6' title="bbox 0 0 1138 3832">
     <span class='ocr_line' id='line_1_39' title="bbox 0 0 1138 3832; baseline 0 0"><span class='ocrx_word' id='word_1_271' title='bbox 0 0 1138 3832; x_wconf 95' lang='lat' dir='ltr'><strong> </strong></span> 
     </span>
    </p>
   </div>
  </div>
 </body>
</html>
