2266 3832
239 245 923 311 nnnnnnnornms.xn1.xm1.xv.
1035 255 1073 314 13
1110 282 1119 332 .··

65 412 233 480 conlectus
261 419 320 476 est.
370 411 541 496 Lysander
567 412 649 493 dux,
679 413 735 498 qui
765 412 982 479 dominantem
1003 394 1118 491 totoa³

9 496 19 567 ἶ,
65 496 150 561 mari
176 494 314 558 classem
332 496 475 559 Atticam
502 505 579 580 aput
599 496 709 579 Aegos
737 505 884 581 potamos
912 502 1073 583 oppressit

9 594 27 645 ἡ
66 589 99 645 et
135 578 233 641 victis
263 577 517 642 Atheniensibus
555 580 690 662 triginta
723 589 880 664 tyrannos
918 583 1070 666 inposuit.

9 656 26 689 “’
64 659 194 727 Xanthi
217 682 278 747 pus
284 708 293 743 ‚
324 663 376 724 vir
402 661 732 726 Lacedaemoniorum
770 665 983 746 fortissimus,
1037 669 1098 736 uio

19 744 154 811 ¹'obello
180 683 305 808 ,lunico
330 746 435 830 primo
458 743 747 829 Carthagiensibus
777 747 845 811 dux
871 750 989 812 missus
1009 689 1072 813 hle·

62 827 180 913 gulum
198 829 294 913 cepit.
337 827 528 911 Agesilaus,
549 830 640 891 cuius
660 830 827 893 inventum
847 840 897 894 est
912 832 946 894 in
961 832 1115 904 hostili10

63 932 165 998 quam
183 911 219 974 in
242 932 301 974 sua
321 920 410 975 terra
428 933 575 996 pugnare
593 911 731 999 ideoque
753 915 787 975 in
807 914 920 976 Asiam
941 917 1070 996 missus,

61 1003 196 1059 vastata
216 1015 255 1057 ea
261 1043 270 1075 ,
292 1016 366 1058 curn
386 996 452 1056 iam
472 997 544 1078 regi
564 996 761 1077 immineret,
783 1006 954 1061 revocatus
971 998 1071 1062 Athe-

62 1078 196 1141 nienses
214 1087 298 1163 aput
312 1077 493 1142 Coroneam
515 1079 604 1141 sicit.
648 1078 767 1143 Postea
787 1089 864 1165 aput
888 1079 1073 1145 Corinthios

17 1178 55 1225 ro
63 1160 174 1242 flevit,
201 1161 288 1247 quod
309 1162 422 1226 decem
442 1160 533 1223 milia
552 1161 752 1226 Graecorum
772 1165 880 1227 occisa
902 1167 1072 1249 cognovis-

62 1252 130 1326 set,
153 1264 214 1308 nec
235 1244 340 1308 voluit
362 1243 554 1309 Corinthum
574 1244 682 1309 delere
700 1268 773 1310 cum
792 1257 911 1332 posset.

171 1359 248 1424 XV.
289 1358 546 1425 CLARISSIMI
566 1360 714 1427 REGES
735 1361 795 1426 ET
817 1361 966 1427 DVCES

383 1457 742 1524 ATHENIENSIVM.

152 1571 295 1657 Cecrops
323 1593 398 1652 rex,
443 1574 477 1635 ui
496 1572 611 1636 urbem
633 1573 777 1637 condidit
797 1574 943 1638 Athenas
971 1583 1003 1638 et
1029 1593 1095 1642 exl

16 1686 52 1730 ss
63 1678 126 1723 suo
142 1656 272 1719 nomine
284 1595 482 1753 Cecropidas
498 1655 675 1740 appellavit
692 1658 795 1721 cives:
813 1657 900 1722 idem
912 1657 1070 1737 fabulose,

62 1739 145 1827 quia
165 1738 321 1822 indigena
350 1737 426 1819 furt,
448 1738 490 1803 ab
511 1739 701 1823 inguinibus
722 1762 856 1825 serpens
876 1741 977 1805 luisse
998 1762 1071 1803 nar·

60 1833 167 1889 ratur.
209 1820 440 1885 Erichthonius
462 1844 533 1904 rex,
562 1824 617 1908 qui
642 1825 798 1908 mysteria
818 1823 974 1888 Eleusine
996 1840 1095 1888 con-2

61 1908 171 1971 stituit
193 1904 291 1970 Celeo
318 1904 339 1982 †
362 1904 505 1990 hospite,
536 1905 697 1992 Eumolpo
724 1908 907 1989 sacerdote,
939 1906 1069 1971 filiabus

61 1988 249 2073 virginibus
266 1989 435 2069 ministris,
457 1988 653 2073 Triptolemo
671 1989 722 2052 fru
769 2012 800 2052 m
815 1988 1069 2076 p1·aefecto,'qui

25 2073 153 2143 sofame
183 2070 385 2135 laborantem
411 2072 582 2136 Graeciam
610 2012 798 2137 strasoldo
831 2073 991 2136 frumento
1019 2094 1068 2137 re-

64 2157 182 2221 stituit.
225 2153 375 2219 Pandion
393 2177 467 2236 rex,
511 2157 547 2219 ui
566 2156 651 2218 filias
673 2177 748 2218 suas
769 2156 918 2219 Procnen
941 2168 973 2219 et
993 2156 1094 2224 Phi-a

63 2238 216 2305 lomelam
240 2237 398 2301 Thraciae
427 2178 560 2322 regibus
586 2238 734 2319 tradidit,
763 2249 800 2301 ut
827 2237 983 2302 barbaras
1006 2237 1069 2301 sibi

106 2330 181 2386 ntes
202 2320 369 2384 adfinitate
392 2325 539 2386 sociaret.
583 2321 744 2402 Theseus,
764 2323 869 2405 Aegei
889 2322 990 2403 filius,
1013 2323 1095 2409 quit

138 2413 287 2471 otaurum
301 2405 475 2468 interfecit.
520 2405 779 2490 Demophontos,
804 2407 873 2469 eius
894 2405 994 2485 filius,
1015 2424 1097 2491 quio

29 2510 141 2553 acum
159 2487 295 2553 Graecis
317 2488 414 2551 Ilium
432 2490 643 2573 expugnavit.
689 2487 816 2553 Codrus
837 2510 911 2570 rex,
935 2490 991 2574 qui
1034 2508 1097 2556 rot

65 2570 172 2635 salute
200 2581 233 2635 et
253 2573 391 2636 victoria
410 2574 534 2658 patriae
562 2571 740 2635 secundum
761 2572 926 2636 oraculum
946 2511 1069 2658 Apolli-

65 2656 119 2719 nis
151 2653 239 2719 bello
267 2654 505 2740 Peloponnesio
534 2677 569 2718 se
597 2656 740 2719 devovit.
785 2655 991 2737 Pisistratus,
1020 2656 1096 2720 virt

64 2738 161 2802 fortis
179 2750 211 2803 et
224 2739 368 2822 sapiens,
386 2741 442 2837 qui
453 2738 612 2802 adversus
628 2740 792 2836 principes
807 2739 956 2885 pfflari
974 2759 1071 2802 causa

64 2830 80 2885 t
141 2822 274 2885 nnidem
305 2824 426 2885 invas1t
453 2843 588 2907 eamque
621 2823 839 2885 iustissimea
898 2823 1069 2884 'nistravit

33 2842 266 2969 »llll-modius
294 2914 326 2968 et
348 2906 458 2969 Aristo
485 2906 566 2985 'ton,
594 2903 740 2968 homines
762 2902 886 2990 plebei,
917 2906 972 2990 qui
992 2904 1099 2989 Hip-8

64 2990 154 3087 piam
175 2997 208 3052 et
224 2987 448 3074 Hipparchum
487 2989 625 3051 isistrati
644 2986 729 3052 filios
753 3009 850 3052 saeve
868 2988 1072 3053 dominantes

65 3078 155 3135 tacta
176 3073 397 3136 coniuratione
418 3080 664 3157 oppresserunt,
685 3071 823 3157 ideoque
843 3081 879 3135 ut
901 3092 1073 3136 conserva·

65 3154 194 3219 toribus
222 3154 327 3218 divini
347 3154 486 3220 honores
516 3156 563 3218 eis
587 3166 662 3218 sunt
684 3156 861 3219 constituti.
905 3154 1100 3219 Miltiadess

67 3239 150 3319 dux,
171 3240 227 3323 qui
239 3240 404 3322 octoginta
423 3238 514 3302 milia
526 3237 665 3302 militum
674 3237 849 3302 Persarum
859 3238 955 3301 Darii
974 3240 1071 3321 regis,

35 3321 244 3408 spraefeetis
272 3320 358 3385 Date
387 3332 418 3385 et
444 3321 660 3406 Tisapherne,
694 3323 728 3384 in
757 3320 842 3385 saltu
868 3322 1072 3386 Marathonio

67 3406 245 3491 superavit.
289 3404 452 3469 Aristides
464 3404 621 3488 Dicaeos,
642 3406 698 3492 qui
716 3405 778 3469 hoo
799 3424 959 3488 agnomen
976 3405 1071 3468 mori·
1082 3419 1115 3469 ιο

67 3486 129 3553 bus
151 3486 226 3575 [est]
248 3497 440 3552 consecutus
463 3487 505 3552 ob
525 3488 560 3552 id
588 3490 695 3573 ipsum
718 3487 816 3554 exilio
836 3486 989 3552 multatus
1011 3497 1070 3551 cst.
