2266 3832
367 221 717 310 I,33.34[11,17.18].
1005 229 1046 290 45

35 397 76 462 in
95 390 220 458 tumulo
239 400 317 478 aput
336 392 457 457 flumen
480 398 606 457 Durium
630 393 707 475 sita,
737 402 887 479 quattuor
915 393 1045 458 milibus

37 475 281 545 Celtiberorum
303 476 520 562 quadraginta
542 477 721 541 exercitum
741 498 800 562 per
821 496 922 540 annos
945 476 1045 541 unde·

36 563 105 627 cim
125 559 196 625 sola
211 561 374 642 sustinuit,
390 580 452 624 nec
470 561 622 624 sustinuit
641 561 746 642 modo,
768 561 826 626 sed
844 562 973 624 saevius
988 559 1046 624 ali·

36 643 172 733 quando
200 642 338 729 perculit
361 643 589 741 pudendisque
610 643 797 709 foederibus
818 643 949 708 adfecit.
989 664 1045 706 no

12 729 185 808 ovissime,
207 747 281 791 cnm
301 729 456 791 invictam
479 738 551 792 este
572 736 743 810 constaret,
760 749 841 813 opus
859 727 922 791 fuit
937 749 975 793 eo
990 728 1058 813 qui.

37 810 276 895 Carthaginem
297 819 468 874 everterat.

124 892 201 957 Non
218 901 355 975 temere,
377 895 406 958 si
427 893 525 959 fateri
546 895 637 978 licet,
662 895 759 960 ullius
777 915 875 960 causa
898 893 977 959 belli
999 895 1074 959 int

36 978 167 1045 iustior.
191 974 397 1060 Segidenses,
415 979 519 1043 socios
542 987 574 1043 et
594 979 852 1063 consanguineos
870 999 961 1059 suos,
984 979 1047 1042 Ro·

37 1081 210 1129 manorum
223 1059 372 1124 manibus
390 1060 527 1147 elapsos,
550 1083 643 1127 susce
668 1070 780 1127 erant:
792 1061 904 1126 habita
922 1081 981 1146 pro
995 1061 1073 1124 hist

10 1160 31 1205 u
39 1144 230 1233 deprecatio
245 1142 328 1206 nihil
344 1143 458 1207 valuit.
489 1166 563 1208 cum
577 1167 612 1210 se
631 1085 673 1209 ah
691 1146 779 1209 omni
795 1145 956 1209 bellorum
972 1164 1047 1210 con·

36 1230 175 1314 angione
194 1233 407 1307 removerent,
430 1227 466 1290 in
485 1226 623 1311 legitimi
644 1228 786 1292 foederis
805 1229 946 1313 pretium
966 1228 1048 1291 iussi

37 1330 135 1377 arma
154 1310 194 1376 de
218 1330 326 1375 onere.
364 1309 425 1374 hoc
452 1310 499 1373 sic
523 1331 544 1373 a
564 1310 713 1374 barbaris
739 1318 921 1395 acceptum,
955 1311 1047 1395 quasi

37 1414 157 1461 mmm
173 1332 427 1458 ahsciderentur.
459 1395 568 1480 itaque
586 1395 695 1458 statim
711 1394 920 1478 Megaravico
939 1392 1046 1456 fortis-
1081 1388 1084 1395 '
1112 1420 1118 1431 ·

38 1480 126 1545 simo
148 1476 230 1542 duce
257 1476 300 1541 ad
320 1496 411 1541 arma
438 1478 598 1541 conversi.
634 1477 824 1562 Pompeium
868 1475 968 1540 roelio
991 1476 1046 1540 ad·

10 1560 419 1649 1131111ῌο11111111111111
441 1560 631 1643 maluerunt,
654 1583 727 1625 cum
750 1498 913 1625 debellare
926 1561 1047 1645 potuis-

39 1652 132 1728 sent3
154 1643 331 1709 Hostilium
349 1643 467 1708 deinde
488 1643 691 1708 Mancinum:
713 1643 799 1707 hunc
820 1664 946 1743 quoque
963 1642 1073 1706 adsi-5

38 1729 119 1795 duis
134 1726 289 1793 caedibus
305 1727 352 1790 ita
368 1727 575 1812 subegerunt,
597 1736 633 1791 ut
652 1749 694 1792 ne
717 1727 827 1793 oculos
844 1726 974 1812 qurdem
992 1734 1048 1789 aut

38 1830 159 1877 vocam
172 1810 362 1875 Numantini
377 1811 442 1874 viri
480 1812 628 1896 uisquam
647 1812 829 1875 sustineret.
850 1820 960 1874 tamen
974 1809 1073 1873 11116

38 1895 106 1961 hoc
127 1915 255 1981 quoque
276 1893 391 1957 foedus
412 1832 564 1976 maduere,
588 1896 730 1959 contenti
753 1915 915 1958 armorum
936 1913 1047 1956 manu-

10 1978 121 2060 tobiis,
139 1998 212 2042 oum
230 1976 273 2041 ad
290 1977 535 2040 internicionem
551 1980 677 2042 saevire
699 1980 889 2063 potuissent.
911 1976 969 2040 sed
982 1983 1072 2039 nont

39 2063 151 2131 minus
166 2059 356 2125 Numantini
373 2081 469 2144 quam
490 2059 629 2125 Caudini
644 2059 733 2125 illius
748 2060 890 2125 foederis
905 2059 1047 2143 flagrans

42 2147 52 2163 '
103 2145 224 2208 ominia
243 2152 299 2207 aut
317 2142 442 2229 pudore
462 2142 600 2229 populus
618 2144 793 2224 Romanus,
815 2143 956 2207 dedecus
979 2142 1047 2226 qui-

66 2244 119 2293 em
133 2228 314 2313 praesentis
335 2225 452 2311 flagitii
472 2226 636 2292 deditione
649 2227 795 2291 Mancini
818 2247 836 2290 e
882 2225 972 2305 iavit,
994 2237 1071 2288 oe-8

39 2320 150 2376 terum
160 2310 242 2375 duce
254 2308 413 2394 Scipione,
434 2309 641 2395 Carthaginis
656 2309 815 2374 incendiis
831 2330 851 2372 a
885 2307 1048 2372 excidium

10 2392 177 2459 uurbium
198 2392 326 2474 inbuto,
353 2393 486 2457 tandem
508 2395 605 2457 ctiam
628 2396 663 2457 in
683 2393 839 2458 ultionem
862 2391 1046 2456 excanduit.

42 2477 104 2543 sod
119 2484 189 2541 tum
209 2477 316 2540 acrius
338 2477 374 2539 in
395 2477 510 2540 castris
532 2498 629 2563 quam
646 2478 681 2541 in
702 2498 825 2562 campo,
846 2482 958 2540 nostro
975 2489 1074 2541 cume

40 2559 148 2625 milite
163 2580 261 2646 quam
277 2580 351 2623 cum
371 2558 568 2624 Numantino
589 2560 815 2645 proeliandum
832 2559 903 2623 fuit.
927 2561 1092 2644 (1111111110

41 2642 190 2708 adsiduis
213 2651 245 2707 et
265 2640 393 2706 iniustis
416 2651 447 2706 et
469 2643 642 2707 servilibus
665 2645 806 2708 maxime
823 2640 974 2728 operibus
993 2639 1048 2703 ad-

40 2726 113 2791 triti
132 2725 220 2791 ferre
246 2724 374 2811 plenius
402 2725 539 2808 vallum,
589 2728 646 2790 uia
668 2747 758 2790 arma
777 2728 955 2805 nescirent,
981 2723 1048 2787 luto

10 2810 220 2897 coinquinari,
242 2809 318 2895 quia
341 2810 499 2893 sanguine
521 2749 660 2892 nollent,
683 2809 888 2874 iubebantur.
924 2806 1049 2871 adhoc

42 2900 163 2974 scema,
185 2892 325 2972 calones,
348 2894 495 2956 sarcinae
511 2894 575 2956 nisi
595 2893 637 2957 ad
653 2916 747 2957 usum
763 2892 968 2957 necessariae
983 2912 1048 2952 am-

40 2984 207 3063 putantur.
228 2975 312 3040 tanti
329 2998 399 3041 esse
417 2977 594 3040 exercitum
631 2978 721 3040 uanti
733 2978 959 3062 imperatorem
970 2994 1047 3037 vere
1061 2976 1090 3027 11

40 3059 207 3146 proditum
228 3067 287 3124 est.
321 3061 368 3123 sic
388 3059 518 3124 redacto
548 3061 583 3123 in
610 3001 816 3146 disciplinam
842 3058 945 3122 milite
965 3078 1049 3121 com·

42 3144 145 3207 missa
161 3143 258 3224 acies,
281 3143 431 3229 quodque
448 3164 542 3209 nemo
559 3144 705 3208 visurum
722 3166 757 3208 se
774 3164 927 3229 umquam
942 3160 1049 3225 spera-

10 3234 143 3293 siverat
162 3226 294 3308 factum,
322 3234 358 3289 ut
386 3226 547 3310 fugientes
569 3226 782 3292 Numantinos
812 3227 982 3312 quisquam
1002 3223 1049 3284 vi-

44 3308 147 3375 deret.
176 3309 297 3375 dedere
313 3310 410 3372 etiam
427 3331 462 3374 se
478 3309 640 3393 volebant,
664 3312 692 3375 si
706 3310 875 3375 toleranda
892 3307 972 3371 viris
991 3307 1093 3368 im-12

42 3401 245 3479 pararentur.
282 3392 340 3458 sed
367 3413 440 3456 cum
462 3391 570 3479 Scipio
592 3416 703 3458 veram
723 3393 823 3457 vellet
846 3401 877 3455 et
903 3391 972 3454 sine
995 3409 1049 3451 ex-

43 3478 193 3552 ceptione
215 3476 400 3558 victoriam,
431 3497 468 3541 eo
490 3479 719 3542 necessitatum
742 3475 889 3561 conpulsi
911 3473 1051 3559 primum
