2266 3832
436 214 627 271 Ltssunvn
946 210 987 275 41

76 378 144 437 hlox
157 375 286 437 Ituraeos
298 386 326 436 st
337 376 444 436 Ambae
456 377 534 437 vicit.
563 378 600 437 Et
612 396 673 438 cum
685 380 812 438 venisset
826 378 854 436 in
866 379 986 455 Syriam,

76 460 246 537 Seleuciam,
258 463 378 520 vicinam
390 459 557 521 Antiochiae
570 464 730 536 civitatem,
753 461 883 521 libertate
902 461 986 521 dona·

75 547 124 620 vit,
139 544 215 623 quod
226 563 323 622 regem
336 543 475 621 Tigranen
488 561 544 604 non
555 549 725 623 recepisset.
746 543 986 605 Antiochensibus

76 627 191 687 obsides
202 627 331 687 reddidit.
360 626 539 705 Aliquantum
555 647 685 706 agrorum
699 629 917 706 Daphnousibus
938 629 986 688 de·

76 712 124 787 dit,
139 729 194 789 quo
206 711 288 770 lucus
301 711 340 770 ihi
351 713 504 788 spatiosior
515 713 605 789 lieret,
623 713 779 771 delectatus
790 711 847 771 loci
863 713 985 772 amoeni·

74 803 130 854 tate
145 803 173 853 ct
185 813 318 873 aquarum
334 794 510 854 abnndantia.
545 794 614 854 lndc
632 796 666 855 ad
679 795 809 855 Iudaeam
828 805 984 875 transgres·
997 826 1052 870 Aa,

74 897 122 937 sus
139 877 344 954 hierosolyma,
366 887 450 955 caput
464 880 569 956 gentis,
584 881 667 939 tertio
680 897 777 939 mense
796 882 890 957 cepit,
915 880 984 940 duo·
995 892 1041 937 689.

74 962 165 1021 deeim
179 961 291 1021 milibus
302 960 469 1021 ludaeorum
488 964 608 1039 occisis,
639 965 743 1022 ceteris
760 964 788 1021 in
803 963 885 1023 iidem
900 982 982 1024 acce·

74 1047 139 1123 ptis.
167 1044 217 1104 llis
228 1048 319 1122 gestis
334 1047 361 1105 in
371 1045 467 1104 Asiam
478 1065 510 1105 se
521 1048 631 1124 recepit
647 1055 675 1105 et
691 1046 773 1106 finem
788 1049 982 1125 antiquissimo

72 1129 148 1189 bello
161 1128 246 1190 dedit.

136 1214 221 1273 Gar.
234 1212 295 1274 XV.
311 1210 404 1290 (llll.)
435 1211 473 1271 ll.
497 1212 588 1273 l'ullio
611 1212 750 1274 cicerone
769 1223 881 1273 oratore
900 1223 928 1274 et
949 1212 982 1277 (l.
1053 1230 1056 1234 ⁴

71 1296 194 1355 Antonio
207 1313 284 1356 coss.
300 1312 371 1355 anno
387 1297 421 1356 ah
433 1297 503 1355 urhe
521 1298 633 1357 condita
644 1317 798 1358 nouum.
821 1296 850 1356 L.
864 1299 982 1374 Sergius
994 1330 1049 1372 w,

73 1378 207 1455 Catilina,
223 1378 390 1438 nobilissimi
407 1383 521 1457 generis
537 1384 597 1458 vir,
618 1380 668 1440 sed
687 1383 792 1458 ingenii
812 1382 980 1458 pravissimi,
990 1397 1038 1439 aaa.

71 1461 105 1522 ad
130 1461 275 1523 delendam
297 1465 413 1541 patriam
433 1466 588 1524 coniuravit
609 1482 673 1524 cum
694 1464 874 1542 quibusdam,
898 1463 981 1524 claris

72 1547 203 1625 quidam,
227 1545 278 1606 sed
298 1546 452 1607 audacibus
467 1550 546 1608 viris.
573 1547 751 1608 AGicerone
762 1549 832 1607 urhe
845 1548 980 1625 expulsus

71 1639 123 1692 est.
150 1630 228 1691 Socii
240 1633 301 1690 cius
313 1630 483 1708 deprehensi
494 1635 523 1691 in
539 1650 653 1692 carcere
665 1632 828 1710 strangulati
844 1641 917 1691 sunt.
936 1631 980 1690 Ah
992 1672 1046 1713 M,

69 1714 203 1791 Antonio,
217 1713 305 1774 altero
318 1715 447 1792 consule,
462 1713 578 1775 Catilina
590 1717 653 1793 ipse
665 1716 777 1793 proelio
791 1717 883 1774 victus
897 1725 941 1775 est
954 1725 982 1774 et
992 1739 1036 1780 cao.

69 1797 244 1859 interiectus.

133 1883 218 1942 (lna.
239 1880 315 1942 XVI.
333 1881 443 1962 (Xlll.)
469 1883 684 1942 Sexcentesimo
702 1884 887 1959 nonagesimo
909 1899 980 1941 anno
993 1893 1047 1933 Att-

69 1966 104 2025 ah
119 1967 188 2025 urhe
203 1965 361 2025 conditaD.
368 1958 456 2023 lunio
469 1965 564 2025 Silano
577 1973 605 2023 et
619 1963 650 2023 L
660 1964 776 2025 Murena
791 1982 867 2024 coss.
879 1961 980 2024 ldetel·
990 1960 1037 2002 ⁶⁹⁰·

68 2049 113 2111 lus
129 2047 262 2109 decreta
277 2049 472 2124 triumphavit,
494 2048 645 2125 Pompeius
665 2049 700 2106 de
716 2047 792 2106 hollo
811 2051 930 2125 pisatico
953 2032 1027 2137 aug„¹
1020 2028 1046 2070 υ·

68 2131 268 2192 Mithridatico.
299 2130 382 2190 Nulla
397 2149 518 2208 unquam
536 2148 639 2208 pompa
655 2131 786 2208 triumphi
799 2131 898 2190 similis
916 2096 1027 2190 luitffl¹

67 2215 152 2275 Ducti
171 2223 235 2275 sunt
251 2223 316 2274 ante
333 2215 395 2273 eius
407 2232 517 2273 cunum
533 2214 581 2272 lilii
594 2213 776 2289 Mithridatis,
794 2213 866 2272 lilius
882 2213 979 2291 ligra·

67 2302 110 2359 nis
131 2308 159 2358 et
173 2297 370 2376 Aristobulus,
394 2317 445 2359 rex
462 2297 645 2375 ludaeorum,
670 2258 794 2375 praelata
814 2307 859 2357 est
880 2300 980 2374 ingens

68 2385 198 2460 pecnnia,
216 2384 275 2442 auri
290 2391 376 2461 atquc
393 2384 502 2461 argenti
517 2383 661 2442 inlinitum.
690 2379 753 2440 Hoc
773 2390 902 2458 tempore
919 2379 979 2439 nul·

66 2467 123 2527 lum
135 2485 187 2544 per
197 2468 296 2526 orbem
306 2476 441 2526 terrarum
451 2485 539 2545 grave
550 2465 655 2526 bellurn
669 2474 738 2525 erat.

130 2549 440 2631 cln.xv11.(xlv.)
467 2549 548 2610 Anno
563 2549 641 2609 urbis
658 2549 789 2608 conditae
803 2567 924 2608 nasein.
945 2545 978 2607 (l.
990 2567 1046 2608 no.

66 2633 154 2694 lulius
167 2633 286 2711 Caesar,
304 2636 352 2713 qui
367 2643 469 2711 postea
483 2634 649 2732 imperavit,
670 2631 777 2692 cumL.
792 2631 893 2691 Bihulo
911 2648 978 2691 con·
967 2633 1035 2677 ·⁶⁹³·

67 2720 111 2778 sul
124 2727 167 2777 est
177 2718 279 2778 iactus.
312 2718 436 2778 Decreta
450 2727 494 2777 est
512 2737 538 2776 cr
531 2716 642 2777 Gallia
655 2726 683 2776 et
695 2715 839 2792 illyricum
859 2733 922 2773 cum
936 2714 977 2774 le·

66 2803 199 2880 gionihus
212 2801 321 2861 decem.
356 2799 385 2860 Is
397 2804 487 2879 primo
510 2803 577 2860 vicit
590 2799 755 2875 Helvetios,
774 2801 821 2878 qui
838 2816 911 2858 nunc
926 2798 977 2858 Se·

67 2888 149 2965 quani
162 2885 353 2963 appellantur,
377 2885 482 2944 deinde
498 2884 638 2943 vincendo
658 2882 796 2962 perhella
811 2883 978 2960 gravissima

66 2969 203 3048 usquead
216 2968 360 3029 Oceanum
375 2968 565 3028 Britannicum
576 2968 728 3045 processit.
755 2965 871 3026 Domuit
885 2975 977 3025 autem

66 3056 145 3113 annis
160 3070 263 3112 novem
275 3053 336 3112 iere
354 3071 465 3112 omnem
482 3050 613 3128 Galliam,
633 3069 706 3130 qnae
722 3053 795 3110 inter
806 3049 907 3128 Alpes,
927 3049 977 3108 ilu-

66 3155 130 3196 men
141 3136 316 3214 Rhodanum,
333 3136 462 3196 Rhenum
475 3144 503 3195 et
515 3135 658 3195 Oceanum
670 3144 714 3194 est
729 3143 758 3194 et
769 3137 887 3194 circuitu
902 3142 979 3211 patet

66 3220 101 3280 ad
119 3221 163 3279 his
183 3229 211 3280 et
234 3222 332 3279 tricies
350 3228 467 3279 centena
488 3220 563 3279 milia
581 3236 723 3297 passuum.
755 3217 894 3277 Britannis
913 3233 979 3276 mox
991 3244 1046 3287 au,

67 3302 171 3362 bellurn
186 3303 287 3380 intulit,
309 3304 411 3381 quibus
424 3312 487 3362 ante
504 3321 567 3362 cunr
581 3321 618 3362 ne
635 3319 737 3362 nornen
749 3300 861 3380 quidem
877 3300 979 3360 Roma·
990 3311 1037 3355 aas

66 3404 164 3446 norum
178 3389 321 3466 cognitum
333 3396 408 3464 erat,
432 3395 460 3446 et
472 3403 523 3446 eos
536 3403 651 3464 quoque
662 3387 755 3445 victos
769 3384 915 3444 obsidibus
931 3400 978 3442 ae·
