2266 3832
383 203 745 296 I‚13-17118-24].

287 370 399 436 XVII.
425 370 489 435 DE
511 370 839 440 SEDITIONIBVS.

145 537 239 605 Haeo
253 548 303 603 est
314 539 458 603 secunda
468 547 558 604 aetas
569 541 682 640 populi
688 541 825 606 Romani
838 548 870 604 et
883 543 976 626 quasi
987 542 1066 607 adu·
1077 548 1120 613 22

59 622 235 704 lescentia,
256 644 322 708 qua
338 622 480 687 maxime
503 624 604 687 vinut
621 633 653 688 et
671 626 812 710 quodam
833 623 914 689 flore
936 626 1067 690 virtutis

61 707 187 771 exarsit
197 726 236 770 ac
247 704 380 770 ferbuit.
392 706 439 769 ita
472 728 533 770 uae
545 708 650 771 inerat
664 709 824 794 quaedam
837 706 944 772 adhuc
955 730 999 772 ex
1013 731 1068 795 pa-

36 787 205 855 ssioribus
222 788 351 872 feritas,
374 729 529 875 quiddam
546 789 673 880 [adhuc]
697 791 843 878 spirabat
863 790 1066 857 indomitum.

59 872 139 938 inde
151 882 202 937 est
208 918 218 955 ,
236 872 325 959 quod
343 874 506 938 exercitus
517 873 720 940 Postumium
732 876 974 960 imperatorem,
995 877 1092 940 inii-2

58 958 198 1021 tientem
214 976 296 1056 pnes
316 957 511 1042 promiserat
527 959 681 1043 praedas,
700 958 788 1024 facta
803 959 965 1023 incastris
984 961 1067 1024 sedi-

59 1040 151 1105 tione
162 1038 340 1125 laprdavit3
360 1037 448 1126 quod
465 1041 526 1105 sub
538 1042 646 1126 Appio
663 1041 802 1108 Claudio
819 1041 924 1106 noluit
935 1044 1067 1106 vincere

60 1122 203 1205 hostem,
214 1144 289 1188 cnm
323 1132 426 1207 osset3
440 1125 528 1208 quod
539 1124 622 1189 duce
633 1124 797 1190 Volerone
810 1125 1066 1189 detractantibus

29 1204 229 1295 replerisque
283 1207 291 1222 ‘
319 1207 412 1288 tiam,
431 1206 527 1271 fracti
539 1208 681 1272 consulis
692 1209 809 1272 fasces.
839 1207 915 1271 inde
928 1208 1093 1272 alerissi-3

59 1291 248 1374 mesprinc·
274 1311 325 1371 es,
343 1291 431 1376 quod
439 1291 691 1355 adversarentur
706 1291 868 1355 voluntati
879 1312 970 1374 suae,
989 1309 1067 1355 exu-

60 1372 231 1439 lationem
265 1374 363 1453 tavit,
383 1383 419 1437 ut
432 1373 642 1438 Coriolanum
663 1374 770 1439 colere
787 1395 884 1458 agros
902 1373 1068 1439 iubentem

58 1494 105 1511 ·-
119 1476 183 1521 nee
198 1456 306 1521 minus
323 1456 380 1521 ille
397 1456 550 1522 ferociter
567 1458 719 1521 iniuriam
741 1459 840 1522 armis
856 1457 1066 1539 vindicasset,

59 1540 128 1605 nisi
143 1538 232 1627 quod
247 1540 313 1604 iam
334 1539 529 1605 inferentem
558 1543 653 1626 signa
675 1541 779 1605 filium
800 1548 904 1605 mater
931 1540 1068 1605 Veturia

28 1640 54 1680 ¹⁵
61 1623 208 1689 lacrimis
224 1624 293 1687 suis
313 1625 510 1706 exarmavit3
528 1663 571 1674 —
587 1634 624 1688 ut
640 1626 747 1709 ipsum
766 1623 954 1705 Camillum,
980 1625 1094 1710 quode

61 1708 176 1793 inique
196 1707 282 1770 inter
306 1706 437 1792 plebem
462 1718 494 1772 et
516 1709 695 1772 exercitum
722 1708 875 1772 divisisse
897 1708 1068 1772 Veientem

60 1789 219 1878 praedam
239 1788 417 1854 videretur.
449 1789 572 1855 sedhic
593 1790 708 1855 melior
722 1790 802 1855 Veis
824 1791 858 1853 in
879 1790 1066 1877 captarnbe

61 1873 235 1939 consenuit
257 1881 289 1936 et
305 1894 384 1938 mox
399 1874 563 1960 supplices
582 1874 623 1938 de
645 1874 739 1939 hoste
759 1873 855 1939 Gallo
873 1874 1065 1938 vindicavit·

61 1978 138 2023 eum
153 1965 269 2020 senatu
289 1976 418 2042 quoque
435 1958 658 2022 vehementius
676 1978 780 2044 aequo
798 1957 948 2042 bonoque
965 1965 1092 2024 certa-5

26 2050 133 2107 sotum
143 2048 209 2122 est,
220 2038 302 2105 adeo
312 2048 349 2104 ut
358 2040 480 2105 relictis
493 2040 626 2105 sedibus
641 2041 849 2105 solitudinem
859 2049 891 2105 et
901 2042 1067 2104 interitum

60 2124 189 2211 patriae
201 2143 279 2187 suae
290 2124 478 2189 minaretur.

147 2205 259 2271 Prima
276 2206 441 2274 discordia
456 2207 499 2272 ob
516 2208 729 2354 inpotentiam
747 2206 976 2271 feneratorum.
1000 2208 1068 2293 qui·
1080 2210 1122 2274 23

62 2289 127 2356 bus
145 2291 182 2353 in
197 2298 292 2437 torpa
311 2312 440 2376 quoque
459 2293 546 2355 servi
561 2293 621 2390 'ter
638 2290 874 2371 saevientibus,
892 2292 1067 2389 insacrum

61 2382 206 2439 montem
224 2394 246 2458 p
260 2372 318 2439 ebs
336 2383 461 2439 armata
479 2384 613 2439 secessrt
627 2395 803 2521 aegrepue,
818 2396 954 2438 neomsr
965 2373 1066 2438 tribu·

27 2458 356 2543 anesimwtrasset,
377 2457 510 2522 Meneni
520 2459 703 2544 Agrippae,
738 2458 1066 2541 acundietsapientis

60 2540 143 2624 viri,
162 2541 354 2605 auctoritate
376 2551 529 2606 revocata
548 2550 607 2606 est.
639 2550 729 2607 extat
745 2541 900 2605 orationis
914 2543 1092 2627 antiquaea

62 2626 144 2689 satis
155 2622 275 2689 efficax
285 2623 328 2688 ad
339 2625 545 2691 concordiam
556 2623 683 2707 fabula,
699 2646 764 2724 qua
774 2624 952 2689 dissedisse
967 2646 1067 2710 quon·

62 2708 141 2773 dam
151 2705 309 2772 humanos
323 2708 407 2773 dixit
418 2718 522 2791 artus,
536 2709 624 2794 quod
635 2708 784 2773 ommbus
796 2729 893 2793 opere
904 2707 963 2771 sun
988 2709 1067 2771 enti-

62 2789 126 2856 bus
143 2790 232 2855 solus
250 2800 365 2856 venter
375 2793 517 2856 inmunis
529 2801 655 2876 ageret;
677 2791 795 2856 deinde
805 2729 1018 2855 moribundos
1029 2813 1069 2854 ea

28 2874 267 2940 aoseiunctione
280 2874 406 2939 redisse
425 2877 461 2939 in
477 2878 631 2960 gratiam,
650 2875 779 2962 quando
792 2874 969 2938 sensissent
980 2874 1068 2959 quod

63 2958 166 3023 eiuso
190 2979 246 3022 era
254 2957 394 3023 redactis
406 2960 441 3022 in
457 2959 649 3042 sanguinem
663 2958 745 3023 cibis
760 2959 991 3042 inrigarentur.

210 3040 332 3106 undam
345 3043 380 3105 in
397 3042 479 3106 urbe
495 3042 603 3106 media
622 3042 858 3107 decemviratus
873 3041 977 3106 libido
994 3062 1067 3104 con·
1078 3036 1122 3100 24

61 3124 166 3189 flavia
192 3124 319 3197 adlatas
331 3146 351 3187 a
363 3124 503 3190 Graecia
514 3124 604 3209 leges
622 3126 734 3190 decem
749 3125 914 3211 principes
927 3124 1003 3188 lecti
1018 3125 1066 3186 iu·

62 3206 161 3273 bento
196 3228 215 3273 o
238 3207 293 3271 ulo
305 3210 580 3294 conscripserant,
596 3210 808 3295 ordinataque
821 3216 890 3272 erat
901 3209 935 3270 in
946 3205 1066 3270 duode-

30 3230 259 3357 scimabubs
270 3300 339 3355 tota
349 3292 486 3374 iustitia,
502 3314 576 3356 curn
592 3302 700 3357 tamen
710 3293 847 3357 traditos
858 3291 963 3353 fasces
974 3288 1065 3386 regio

85 3374 207 3439 uodam
217 3373 328 3439 furore
338 3375 531 3440 retinebant.
564 3386 638 3440 ante
650 3383 774 3439 ceteros
785 3374 911 3459 Appius
924 3393 961 3435 eo
979 3377 1092 3434 ineo-2

63 3396 185 3523 ianuae
196 3454 302 3522 elatus
314 3466 378 3541 est,
390 3467 427 3523 ut
440 3460 615 3544 ingenuam
625 3459 787 3542 virginem
802 3465 913 3539 stupro
925 3453 1065 3518 destina·
