2266 3832
982 183 998 220 V

90 331 234 406 babemus,
252 345 308 388 non
323 329 465 387 incondite
477 329 613 405 scripturn
626 337 680 405 est,
699 337 728 388 et
740 331 903 406 perspicue,
924 338 954 387 ut
965 329 999 387 ti·
1089 354 1092 361 ¹

90 449 188 491 ronum
199 429 324 489 manibus
336 431 443 488 versari
460 430 566 507 possit,
592 436 756 512 excerptum
772 447 808 488 ex
824 431 997 506 auctoribus,

88 548 162 610 quos
181 530 311 590 conlerre
328 529 410 604 licet,
431 538 460 587 et
476 531 523 607 qui
539 530 695 606 perierunt;
717 527 790 589 unde
803 529 921 590 subinde
936 545 998 589 nar·

87 641 140 707 rat,
166 632 201 690 de
214 629 314 709 quibus
327 629 373 688 alii
388 638 482 689 tacent
496 629 543 688 vel
557 628 669 687 diversa
681 627 873 705 prodiderunt.
901 627 998 688 Insunt
1083 666 1092 679 ·

86 730 225 810 quaedam
237 731 382 807 vergentis
395 729 512 804 aetatis,
528 727 644 787 ferenda
656 730 751 805 potins
765 747 847 808 quarn
858 728 997 788 imitanda.

88 830 120 892 ln
136 832 216 891 annis
231 832 269 889 ita
286 832 377 889 omnia
392 832 500 890 turbata
512 837 592 904 sunt,
611 837 641 888 ut
650 830 779 905 nescias,
797 831 944 906 scriptoris
956 829 997 886 vi·

88 933 155 990 tium
172 933 208 991 sit
224 950 258 990 an
271 930 463 1007 librariorum,
489 938 517 989 et
531 948 632 989 severa
647 931 731 989 ctiam
747 928 858 988 medela
873 930 921 989 vix
932 929 997 988 sub·

86 1033 176 1092 veniri
202 1033 303 1110 possit.
336 1029 426 1108 Igitur
441 1030 545 1092 idoneo
559 1031 705 1108 interpreti
725 1048 776 1089 sua
799 1047 863 1108 pars
884 1045 1000 1106 semper

85 1132 271 1211 relinquenda
282 1141 326 1191 est
337 1132 371 1191 ab
384 1131 503 1209 editore,
517 1150 601 1209 quum
612 1133 656 1189 vir
665 1131 750 1190 rebus
762 1131 934 1189 necessariis
949 1147 999 1207 pa·

85 1252 147 1291 rum
161 1233 282 1293 imbutus
301 1231 385 1309 longa
403 1233 486 1292 etiam
501 1231 675 1290 institutione
686 1231 726 1290 uti
736 1238 873 1309 nequeat,
897 1230 996 1307 dignus

86 1347 139 1391 sno
155 1350 270 1391 munere
282 1330 355 1391 duce
370 1334 559 1410 supersedere
573 1333 679 1410 possit,
703 1328 852 1409 malitque,
869 1339 899 1390 ut
918 1333 996 1409 inge·
1020 1319 1032 1329 ’

85 1432 133 1490 nio
150 1446 202 1489 suo
216 1438 245 1488 et
256 1429 382 1491 doctrina
394 1433 462 1492 satis
478 1433 614 1493 conlisus.
645 1430 754 1492 Graece
771 1432 887 1509 saepius
904 1429 996 1490 reddi·

85 1541 143 1590 tum
164 1549 230 1590 esse
247 1529 428 1608 Eutropium,
452 1530 498 1590 vel
516 1551 552 1592 ex
572 1542 730 1612 temporum
750 1533 920 1610 imperiique
937 1529 994 1590 llo·

84 1634 157 1692 mani
179 1631 362 1707 condicione,
386 1649 458 1710 quae
476 1640 543 1692 tunc
563 1633 631 1709 fult,
653 1630 823 1692 conieceris.
857 1630 995 1707 Superest

84 1732 196 1793 Paeanii
220 1731 328 1793 Graeca
351 1733 561 1809 interpretatio,
595 1733 712 1793 liberior
734 1729 847 1810 quidem
871 1738 899 1788 et
921 1746 996 1807 quas

84 1851 173 1912 saepe
190 1834 225 1894 ad
241 1833 383 1892 diversum
401 1832 561 1909 exemplum
574 1835 648 1894 iacta
664 1834 807 1907 videatur,
831 1829 885 1889 sed
901 1828 937 1888 ad
953 1830 995 1887 iu-

68 1918 187 1992 dicium
200 1933 236 1991 dc
251 1929 369 2008 singulis
384 1929 456 1988 locis
476 1932 622 1993 ferendum
639 1936 774 1994 maximae
793 1929 854 1988 lere
873 1931 994 1988 auctori·

85 2035 166 2108 tatis,
189 2031 354 2110 praesertim
373 2046 456 2106 quum
476 2033 525 2089 viu
547 2036 663 2093 serioris
683 2036 747 2110 ipso
764 2030 837 2089 llbro
858 2030 894 2087 sit
909 2029 994 2105 origi-

84 2133 137 2191 nis.
173 2131 227 2203 Qui
245 2147 355 2190 omnem
369 2129 512 2187 historiam
528 2131 556 2190 in
568 2132 764 2211 compendium
781 2128 914 2206 redigere
927 2145 993 2187 coc·

83 2241 197 2310 perant,
224 2247 290 2289 mox
309 2231 432 2303 insertis,
456 2246 528 2306 quae
546 2249 614 2301 suae
632 2235 715 2292 aetati
729 2231 819 2307 magis
837 2228 992 2306 placerent,

83 2332 229 2409 sequentis
245 2332 327 2389 etiam
342 2332 478 2407 temporis
490 2330 622 2392 historias
638 2342 825 2393 attenuerunt.
849 2332 919 2392 Inde
933 2342 993 2394 tan·

82 2432 148 2491 dem
160 2440 220 2491 orta
239 2440 282 2489 est
293 2431 410 2491 historia
421 2431 564 2508 miscella,
586 2452 660 2510 quae
675 2450 749 2493 nono
765 2434 864 2494 seculo
879 2432 992 2493 aPaulo

81 2533 209 2592 Diacono
233 2530 392 2609 talibusque
416 2530 551 2609 deinceps
573 2535 641 2593 viris
662 2534 793 2594 coniecta
814 2533 861 2595 diu
879 2533 992 2594 oracula

81 2631 169 2691 edidit
190 2630 225 2690 de
247 2631 363 2690 historia
378 2630 514 2707 Romana,
540 2631 631 2692 donec
653 2636 810 2694 restitutum
823 2653 885 2694 cunr
902 2635 992 2694 omnis

82 2731 246 2791 eruditionis
259 2731 323 2790 luce
336 2729 371 2789 de
388 2732 552 2808 antiquitate
568 2733 699 2793 iudicium
714 2738 835 2812 genuina
853 2755 868 2796 a
887 2737 991 2814 spuriis

80 2832 248 2910 dispescere
260 2831 367 2890 didicit.
398 2830 497 2909 ltaque
514 2842 580 2909 post
597 2836 699 2911 primas
711 2835 868 2913 editiones,
888 2836 991 2896 Roma·

80 2951 143 2993 nam
159 2950 185 2992 a.
203 2930 312 3007 1471,
334 2931 472 3008 Venetas,
493 2930 683 3010 Parisienses,
704 2934 894 3013 Florentinas,
912 2937 987 2997 Basi-

80 3033 210 3108 leenses,
237 3050 306 3110 quas
328 3034 374 3093 bic
391 3051 543 3093 recensere
558 3050 615 3094 non
631 3037 742 3112 attinet,
768 3038 921 3113 exstitere,
943 3039 989 3117 qui

80 3133 243 3210 prudentius
258 3135 291 3192 -in
309 3148 343 3191 eo
364 3136 480 3211 negotio
499 3133 685 3212 elaborarent,
705 3136 893 3196 Sehonboirus
911 3137 988 3197 Basi-

79 3230 143 3290 leae
154 3249 180 3291 a.
194 3229 296 3310 1546,
311 3232 389 3293 Elias
400 3235 517 3294 Vinctus
530 3233 645 3294 Pictavii
658 3253 683 3294 a.
697 3232 800 3312 1553,
820 3234 988 3314 Sylburgius

78 3329 101 3393 F
102 3332 254 3392 rancofurti
266 3351 291 3401 a.
301 3330 382 3394 1588
395 3379 403 3409 ,
417 3331 831 3413 Paulusllierulabngdunissat.
847 3354 873 3396 a.
882 3336 989 3409 lota,
