2266 3832
153 180 194 240 lu
498 183 721 239 [Eunoen

152 366 190 406 ex
206 345 417 424 quadringentis
431 349 577 422 sexaginta
589 355 711 423 quatuor
719 346 838 404 nso-s
849 349 996 423 octoginta
1009 369 1063 408 ser

152 434 211 490 rari
223 433 272 488 rix
283 432 435 506 potuerint,
447 448 541 506 neque
553 429 611 487 ullo
627 439 756 506 tempore
766 438 842 488 tanta
848 433 986 489 maritima
996 441 1073 492 tem·

153 524 252 592 postas
263 513 356 572 audita
369 522 424 571 est.
442 512 561 571 Romani
572 523 666 571 nmen
676 512 912 571 statindueeatas
922 533 1014 573 nares
1026 535 1074 576 re-

157 606 335 675 peruerunt,
346 615 440 672 neque
455 599 483 654 in
493 596 590 672 aliquo
601 600 711 654 animus
723 597 769 654 liis
783 597 919 655 intramus
930 597 994 656 luit

83 695 140 737 au.
216 682 303 740 Car.
315 678 420 740 mu
433 679 545 758 (XlIl.)
562 679 615 738 Cn.
629 678 884 756 SeruiliusCaepio
898 690 928 739 ct
939 680 974 739 G.
986 683 1072 743 Sem·

94 761 140 802 ⁶²
153 767 270 842 pronius
280 762 399 822 Blaesus
415 782 493 821 coss.
511 782 575 820 tum
589 763 718 821 ducentis
733 766 881 839 sexaginta
898 766 1020 824 naribus
1035 767 1072 827 ud

152 849 278 906 Africam
294 848 417 924 proiecti
428 857 503 905 sunt.
525 846 643 924 Aliquot
657 850 788 905 ciuitates
803 856 951 924 ceperunt.
983 848 1073 910 Prae·

152 932 214 990 dam
231 935 375 1008 writers
389 930 561 990 reducentes
576 931 752 1008 minagium
769 934 848 1007 passi
862 941 936 989 sunt.
965 931 1072 1011 ltaque

153 1034 216 1074 eum
226 1018 377 1074 continuae
392 1013 565 1073 alamitates
576 1014 711 1072 Romanis
725 1014 922 1091 displicerent,
937 1015 1073 1077 decrerit

152 1109 278 1173 senatos,
297 1108 354 1157 uta
369 1100 513 1156 maritimis
530 1098 647 1175 proeliis
664 1098 847 1156 recederetur
863 1109 893 1157 et
903 1108 1009 1158 unium
1020 1120 1072 1161 se·

152 1186 266 1260 xaginta
277 1201 365 1241 nares
377 1182 413 1240 ad
430 1183 599 1258 praesidium
610 1181 707 1240 ltaliae
718 1182 814 1240 salvae
825 1192 933 1241 esseut.

82 1269 139 1312 st·
221 1267 306 1327 Cer.
319 1265 421 1326 xxtt'.
443 1264 978 1340 LCueciliolletello‚G.l²uriol'aeilo
986 1285 1070 1328 coss.

89 1338 136 1380 ⁵⁰¹·
152 1351 285 1412 uerettus
296 1353 325 1409 in
337 1350 434 1409 Sicilia
444 1351 576 1408 Afrorum
591 1350 692 1408 ducem
704 1369 766 1408 cum
780 1368 854 1408 em
865 1350 1027 1427 elephantis
1039 1362 1072 1412 et

23 1447 26 1453 ’
150 1437 259 1511 magnis
270 1437 364 1511 copiis
375 1437 533 1492 venientem
549 1436 708 1511 superarit,
734 1452 772 1491 n
788 1433 865 1493 milia
881 1434 1006 1494 hostium
1018 1454 1069 1495 ce

151 1517 229 1592 cidit,
246 1537 313 1575 mr
328 1515 497 1592 elephantos
509 1519 602 1592 cepit,
624 1515 753 1593 reliquos
766 1527 892 1592 emntea
904 1536 958 1595 per
966 1517 1070 1580 Numi·

151 1599 216 1675 das,
239 1615 312 1676 quos
329 1601 357 1657 in
371 1599 502 1656 auxilium
518 1600 650 1673 habebat,
667 1598 786 1676 collegit
800 1610 829 1658 et
840 1600 959 1660 Romam
976 1602 1071 1663 dedu·

149 1686 190 1742 xit
200 1683 306 1759 ingenti
317 1698 432 1757 pompa,
445 1700 509 1740 cum
521 1701 595 1740 cm
605 1682 817 1759 elephantorum
828 1703 961 1744 numerus
971 1690 1070 1748 omnia

150 1768 250 1826 itinera
262 1763 429 1840 compleret.

214 1849 299 1907 Car.
312 1846 394 1906 XXV
395 1892 403 1905 .
420 1845 528 1926 (xlv.)
552 1847 619 1907 Post
638 1850 710 1907 haec
727 1849 799 1909 mala
815 1850 1070 1928 Carthaginienses

148 1929 406 2007 Regulumducem,
418 1949 503 2008 quem
512 1941 658 2009 ceperunt,
668 1935 820 2009 petierunt,
832 1935 986 1994 ntRomam
999 1955 1055 2015 pro

149 2016 341 2088 licisceretur‚
365 2023 393 2071 et
409 2032 536 2091 pacem
550 2016 684 2075 Romanis
701 2017 857 2093 obtineret,
876 2037 911 2078 ac
923 2032 1069 2096 permuta·

148 2101 254 2158 tionem
265 2099 440 2173 captivorum
451 2097 569 2158 iaceret.
602 2098 655 2159 llle
667 2100 784 2159 llomam
796 2121 859 2161 cum
870 2105 1010 2180 venisset,
1024 2108 1069 2166 in·

148 2181 249 2240 ductus
267 2181 295 2239 in
312 2189 441 2240 senatum
456 2182 525 2241 nihil
542 2186 623 2261 quasi
636 2183 780 2243 Romanus
793 2188 870 2263 egit,
889 2185 1021 2265 dixitque
1031 2210 1069 2253 se

148 2284 188 2325 ec
200 2265 254 2323 itta
278 2265 345 2338 die,
369 2282 431 2340 qua
445 2267 477 2323 in
488 2276 666 2343 potestatem
677 2266 822 2343 Afros-rim
841 2274 982 2345 renuisset,
999 2273 1067 2336 Ro·

146 2366 269 2408 murtrum
286 2365 353 2407 esse
367 2348 505 2407 desiisse.
526 2348 625 2426 ltaque
641 2358 670 2408 et
683 2365 826 2411 uxorema
845 2354 997 2431 complexu
1016 2376 1066 2419 re·

145 2432 244 2506 morit,
256 2438 285 2488 et
300 2431 410 2489 senatui
422 2432 511 2488 suasit
551 2450 587 2493 ue
603 2449 657 2508 pax
673 2451 736 2493 cum
748 2433 853 2496 Poenis
868 2439 964 2507 lieret:
990 2441 1065 2502 ilios

146 2516 225 2576 enim
234 2513 354 2592 fructos
368 2521 409 2573 tot
419 2515 545 2574 casibus
556 2533 640 2592 spem
652 2520 766 2578 trullum
780 2520 916 2591 ladem
936 2543 972 2584 se
982 2530 1065 2587 tunti

145 2617 205 2660 nou
220 2617 304 2673 esse,
323 2606 356 2656 ut
370 2605 412 2656 tot
424 2598 510 2658 nriliu
524 2600 714 2677 cuptiroruar
721 2614 950 2682 proptcrunum
962 2626 997 2668 se
1021 2613 1065 2688 [et

145 2681 258 2757 senem]
275 2689 440 2759 septunces,
457 2682 510 2757 qui
527 2701 567 2741 er
583 2681 729 2744 Romanis
741 2689 970 2765 repetiuerant,
983 2696 1062 2754 recl·

145 2768 299 2826 uderentur.
319 2762 419 2842 ltaque
430 2764 558 2823 obtinuit.
577 2763 740 2826 NumAlros
753 2777 1062 2848 pacempetentesnul·

144 2849 189 2908 lus
201 2849 320 2908 admisit.
345 2846 413 2925 lpse
422 2846 618 2924 Carthaginem
632 2849 726 2924 rediit,
744 2853 988 2934 offerentibusque
998 2857 1061 2919 llo·

144 2936 243 3008 manis,
259 2941 288 2991 ut
299 2951 362 2990 eum
370 2930 477 2991 Romae
490 2940 629 3007 tenerent,
647 2936 761 3011 negotii
771 2954 804 2994 so
818 2939 846 2996 io
858 2957 892 2998 eu
904 2941 1060 3003 urbeman-

145 3034 251 3091 surum,
265 3019 293 3076 in
304 3035 369 3094 quo,
382 3024 533 3093 postquam
541 3014 620 3075 Afris
631 3018 778 3093 servierat,
792 3021 955 3097 dignitatem
967 3026 1059 3086 lione·

145 3101 181 3158 sti
194 3100 264 3158 civis
276 3101 379 3158 habere
392 3116 448 3158 non
461 3108 570 3176 posset.
604 3096 768 3176 Regressus
784 3105 870 3180 igitur
880 3105 916 3165 ad
929 3106 1059 3172 Alrieam

145 3184 273 3242 omnihus
285 3183 434 3260 suppliciis
452 3184 605 3242 exstinctus
620 3191 673 3242 est.

86 3281 143 3324 as.
208 3268 295 3327 Csr.
307 3267 410 3327 XXVI.
423 3267 515 3346 (XV.)
538 3266 568 3326 P.
577 3264 834 3342 clauototutotrrc,
851 3268 1057 3340 hioniocoss.

90 3347 134 3389 ⁶⁰³·
147 3349 280 3412 Claudius
296 3362 391 3412 contro
407 3354 533 3430 auspicia
551 3351 684 3429 pugnavit
699 3357 727 3408 et
745 3366 761 3409 u
776 3348 1057 3429 Coniugiuieosibus
