2266 3832
246 289 458 353 lttsrotttntc
480 290 671 353 ROMANAE
693 292 734 363 11,
755 300 799 355 97.
813 300 857 354 98.
998 289 1038 353 73

141 440 258 501 xcvu.
288 440 350 501 Sed
365 442 437 501 dum
460 440 489 500 in
510 440 568 499 hoc
588 448 674 515 parte
690 442 796 516 imperi
813 443 915 501 onmia
928 458 1036 516 gerun-
1054 447 1069 503 1

59 536 107 585 tur
129 524 352 599 prosperrime,
373 532 501 599 accepta
516 524 546 582 in
562 525 723 584 Germania
737 526 842 585 clades
857 526 915 586 sub
939 528 1037 599 legato

56 608 98 669 M.
112 610 226 679 Lollio,
242 608 363 668 homine
378 609 407 666 in
424 608 524 667 omnia
539 609 687 683 pecuniae
703 625 794 683 quarn
809 618 892 669 recte
907 610 1037 669 laciendl

58 693 220 767 cupidiore
235 701 264 751 et
285 692 362 751 inter
383 707 531 751 summam
546 690 688 752 vitiorum
707 693 979 751 dissimulationem
994 694 1038 751 vi-

57 775 242 849 tiosissimo,
265 776 441 849 amissaque
459 776 587 849 legionis
603 777 726 849 quintae
746 777 849 850 aquila
863 776 985 835 vocavit
999 776 1038 834 ab

57 859 134 919 urbe
149 860 177 918 in
196 860 308 919 Gallias
325 858 496 917 Caesarem.
529 859 606 917 Cura
625 860 735 918 deinde
756 867 848 933 atque
870 876 948 920 onus
965 860 1071 918 Ger-a

56 942 167 1002 manici
181 943 252 1002 belli
268 943 406 1016 delegata
420 943 521 1002 Druso
538 941 677 1015 Claudio,
699 942 781 1002 lratri
796 942 941 1015 Neronis,
962 943 1037 1003 adu-

56 1027 186 1087 lescenti
201 1033 245 1085 tot
261 1032 468 1100 tantarumque
484 1027 634 1098 virtutum,
651 1033 727 1099 quot
740 1033 771 1085 et
785 1033 915 1101 quantas
930 1033 1038 1085 natura

57 1111 193 1169 mortalis
219 1108 327 1183 recipit
350 1111 398 1168 vel
424 1110 573 1169 industria
598 1111 741 1183 percipit:
770 1110 856 1169 cuius
883 1109 1037 1184 ingenium

58 1201 156 1253 utrum
174 1193 290 1253 bellicis
306 1194 402 1266 magis
419 1193 564 1265 operibus
580 1209 618 1251 an
635 1193 774 1251 civilibus
795 1194 952 1253 sullecerlt
966 1192 1035 1253 arti·

56 1276 131 1349 buS‚
152 1278 183 1336 in
204 1277 320 1335 incerto
336 1284 397 1335 est:
419 1292 537 1335 morum
553 1283 635 1335 certe
651 1276 782 1335 dulcedo
799 1292 834 1334 ac
856 1276 993 1337 suavitas
1007 1284 1038 1335 et

57 1360 207 1421 adversus
229 1360 345 1420 amicos
368 1376 468 1433 aequa
483 1375 519 1418 ac
535 1376 590 1432 par
605 1358 653 1418 sui
669 1358 838 1417 aestimatio
854 1359 1037 1420 inimitabilis

56 1444 154 1503 luisse
169 1444 294 1511 dicitur3
322 1458 391 1502 nam
407 1442 600 1517 pulchritudo
616 1440 756 1516 corporis
778 1443 918 1516 proxima
931 1444 1036 1501 irater-

56 1544 115 1587 nae
127 1529 191 1588 luit.
214 1526 276 1587 Sed
292 1528 374 1586 illum
386 1542 496 1601 magua
512 1543 550 1586 ex
564 1536 649 1599 parte
661 1525 839 1585 domitorem
849 1524 1037 1595 Germaniae,
1051 1534 1069 1586 3

58 1611 188 1685 plurimo
205 1612 271 1670 eius
288 1611 388 1684 gentis
405 1610 497 1669 variis
519 1610 548 1667 in
565 1610 641 1668 locis
663 1610 791 1683 proluso
807 1609 970 1683 sanguine,
994 1608 1035 1666 la-

55 1703 156 1755 torum
180 1693 325 1768 iniquitas
347 1695 520 1763 consulem,
547 1700 685 1766 agentern
709 1709 819 1751 annunt
843 1692 1036 1762 tricesimum,

55 1779 166 1852 rapuit.
193 1778 291 1837 lllloles
308 1778 418 1836 deiude
434 1778 499 1836 eius
523 1777 591 1836 belli
613 1779 757 1835 translata
770 1776 799 1836 in
815 1776 966 1836 Neronem
982 1781 1036 1845 cst,
1052 1786 1070 1836 4

56 1862 140 1937 quod
156 1862 182 1920 is
198 1877 255 1920 sua
269 1869 299 1920 ot
311 1861 418 1920 virtute
430 1869 460 1921 et
472 1862 594 1921 lortuna
609 1860 829 1920 administravit
843 1865 1034 1933 peragratus-

57 1961 118 2019 que
140 1946 237 2004 victor
258 1946 356 2004 omnis
376 1946 470 2019 partis
488 1945 667 2003 Gennanlac
689 1946 756 2002 sine
771 1945 832 2002 ullo
855 1944 1035 2003 detrimento

56 2029 213 2087 commissi
236 2028 405 2099 exercitam,
434 2029 517 2100 quod
541 2027 704 2100 praecipue
726 2027 796 2084 lruic
820 2027 889 2085 duci
915 2042 1037 2099 semper

55 2126 151 2171 curae
166 2110 234 2179 luit,
260 2110 305 2168 sic
321 2110 493 2183 perdomuit
508 2126 589 2177 eam,
614 2116 645 2169 ul
667 2110 694 2166 in
719 2110 845 2166 sormam
864 2122 963 2181 paene
984 2109 1036 2168 sti-

56 2191 235 2271 pendiariae
260 2193 410 2265 redigeret
440 2194 625 2265 prouinciae.
667 2194 742 2251 Tum
767 2194 842 2249 altor
866 2191 1036 2264 triumphus

57 2294 125 2338 curn
142 2278 237 2336 altero
254 2277 413 2336 consulatu
429 2278 456 2335 ei
473 2277 594 2336 oblatus
610 2283 666 2334 est.

133 2360 265 2419 xcvttt.
299 2360 376 2418 Dum
398 2375 449 2432 ea,
477 2375 556 2434 quae
579 2358 803 2433 praediximus,
829 2356 860 2415 iu
884 2356 1069 2423 Pulmoniat

57 2445 280 2517 Germaniaque
301 2452 462 2518 geruntur,
488 2450 576 2502 atrox
597 2444 626 2501 in
648 2442 775 2500 Thracia
801 2440 911 2499 bellum
938 2448 1036 2499 ortum

58 2529 200 2589 omnibus
221 2528 287 2587 cius
310 2528 408 2601 gentis
431 2528 605 2587 nationibus
625 2528 654 2584 in
677 2542 761 2585 arma
784 2523 940 2583 accensis.
965 2524 1036 2581 Luci

55 2610 193 2679 Pisonis,
220 2628 310 2685 (quiem
333 2611 486 2686 hodieque
508 2611 772 2684 diligentissimum
793 2617 885 2681 atque
905 2607 1037 2667 cundem

56 2694 246 2755 lenissimum
262 2696 432 2755 securitatis
453 2696 589 2754 urbanae
611 2695 770 2754 custodem
792 2692 954 2761 habentus,
979 2692 1036 2749 vir-

56 2786 107 2839 tus
123 2780 308 2853 compressit
326 2779 457 2851 (quippe
471 2780 588 2851 legatus
605 2778 745 2837 Caesaris
761 2776 888 2834 triennio
906 2791 974 2833 oum
989 2774 1037 2832 liis

56 2860 182 2921 bellavit
201 2862 362 2936 gentisque
379 2860 586 2920 ferocissimas
604 2860 733 2934 plurimo
750 2876 818 2919 curn
834 2874 938 2917 earum
954 2857 1023 2917 cxci

57 2946 109 3006 dio
124 2961 206 3004 nunc
221 2944 301 3017 acie,
329 2959 408 3005 nune
424 2943 703 3017 expugnationibus
725 2944 753 3000 iu
776 2942 936 3015 pristinum
952 2939 1037 3011 pacis

56 3030 176 3103 redegit
201 3029 339 3099 modurn)
363 3029 492 3101 eiusque
519 3027 688 3099 patratione
714 3026 808 3081 Asiae
833 3022 1035 3091 securitatem,

56 3110 257 3171 Macedoniae
280 3128 386 3186 pacem
408 3110 549 3169 reddidit.
584 3110 627 3167 De
651 3124 711 3182 quo
735 3108 799 3165 viro
821 3105 879 3163 ltoc
895 3103 1036 3163 omnibus

57 3194 251 3257 sentiendum
266 3210 303 3254 ac
319 3194 556 3269 praedicandum
574 3200 630 3263 est,
645 3205 716 3250 csse
731 3205 833 3249 rnores
849 3188 915 3247 eius
932 3188 1037 3261 vigore

56 3295 94 3339 ac
113 3278 236 3337 lenitate
257 3278 455 3338 mixtissimos
476 3285 506 3336 ct
521 3278 571 3335 vix
587 3290 770 3350 quemquam
786 3271 910 3345 reperiri
933 3287 1037 3345 posse,

58 3362 111 3437 qui
127 3368 178 3421 aul
194 3363 286 3421 otium
303 3361 432 3420 validius
447 3362 552 3434 diligat
567 3367 618 3419 aut
633 3359 751 3417 lacilius
766 3356 899 3416 sul'liciat
914 3356 1036 3427 negotio

56 3452 87 3504 et
106 3445 204 3519 magis
226 3461 305 3519 quae
327 3444 445 3517 agenda
466 3450 536 3502 sunt
559 3450 644 3503 curet
664 3442 731 3501 sine
753 3444 813 3500 nlla
834 3438 1035 3499 ostentatione

55 3528 177 3603 agendi.
