2266 3832
413 207 561 294 I,18[11‚
575 207 617 293 21.
975 211 1015 273 rs

51 399 92 458 m,
110 377 146 439 in
157 396 267 461 quem,
286 375 351 437 nisi
364 376 541 458 paruisset,
561 375 667 437 securi
678 374 885 438 destrictaim
909 384 1014 439 erator

51 468 104 525 etu
112 459 226 523 mortis
237 457 415 541 navigandi
426 457 503 521 fecit
516 457 695 520 audaciam.
718 480 795 523 mox
806 397 923 521 deinde
935 479 1013 520 ven·
1026 461 1060 511 18

51 543 228 626 aremisque
237 549 445 639 properatum
457 550 519 620 est,
532 548 704 626 tantusque
714 549 819 604 terror
829 541 946 605 hostici
958 541 1013 603 ad·

51 633 132 688 artus
143 623 264 687 Poems
282 622 360 703 fuit,
378 631 444 685 uta
468 625 545 685 ertis
555 644 658 707 paene
693 625 772 686 ortis
786 622 949 706 Carthago
963 645 1013 686 ca·

52 715 153 771 retur.
195 707 373 770 rooemium
383 703 425 769 be
451 704 535 768 ifuit
546 706 661 769 civitas
670 645 800 790 blipea3
811 707 916 791 prima
928 708 1014 769 enim
1025 710 1058 762 19

51 728 274 855 Punicolitore
286 790 379 875 quasi
390 809 451 850 arx
463 797 494 851 et
511 788 643 873 specula
653 791 824 873 procurrit.
849 788 971 853 ethaeo
982 798 1015 853 et

51 880 158 939 tcenta
168 871 306 957 amplius
324 870 457 935 castella
468 880 595 934 vastata
613 880 697 934 sunt.
719 893 864 935 naccum
879 871 1059 937 homini-20

51 978 73 1020 s
79 1003 89 1037 ,
103 954 163 1019 sed
175 976 247 1017 cum
258 955 410 1018 monstris
423 975 550 1039 quoque
562 953 749 1017 dimicatum
760 964 823 1035 est,
837 977 910 1018 cum
921 956 1015 1041 quasi

60 1036 242 1103 vindictam
259 1036 392 1100 Africae
410 1045 486 1100 nata
503 1038 604 1100 mirae
622 1037 857 1135 magnitudinis
881 1059 1014 1123 serpens

51 1122 123 1185 sita
139 1129 216 1205 aput
227 1119 412 1203 Bagradam
423 1127 528 1182 castra
538 1129 719 1183 vexaverrt.
749 1129 797 1184 set
809 1123 952 1185 omnium
966 1122 1014 1184 vi·
1025 1120 1056 1169 21

51 1225 83 1269 rr
92 1202 240 1287 Regulus
252 1223 325 1265 cum
338 1210 495 1267 terrorem
505 1204 645 1266 nominis
659 1204 711 1265 sui
727 1202 791 1266 late
803 1203 1015 1267 circumtulis-

51 1296 62 1350 t
78 1307 216 1371 cumque
231 1306 384 1369 magnam
402 1288 470 1348 vim
488 1287 667 1348 iuventutis
684 1284 847 1370 ducesque
858 1288 948 1371 ipsos
960 1297 1015 1349 aut

51 1368 185 1433 uidisset
202 1379 258 1431 aut
275 1366 409 1432 haberet
430 1369 466 1429 in
484 1367 640 1448 vinculis,
666 1368 867 1454 classemque
889 1370 1016 1452 ingenti

51 1450 135 1515 aeda
152 1461 300 1515 onustam
316 1460 349 1514 ct
366 1449 529 1535 triumpho
590 1471 685 1513 avem
703 1452 737 1514 in
747 1449 862 1514 urbem
902 1452 1015 1514 raemi·

51 1546 123 1615 set,
140 1535 206 1597 iam
217 1536 321 1619 ipsam
332 1541 428 1619 caput
446 1532 525 1596 belli
538 1472 769 1618 &imaginem
785 1554 889 1618 urgue
913 1543 946 1598 at
957 1532 1012 1598 ob·

51 1618 94 1683 lio
109 1617 254 1703 ipsisque
269 1618 371 1701 portis
389 1615 588 1680 inhaerebat.
617 1617 670 1680 hic
689 1616 857 1702 paululum
878 1619 1011 1680 circum·
1023 1623 1058 1671 22

51 1709 83 1764 ta
92 1699 224 1764 fortuna
235 1709 294 1778 est,
305 1708 432 1762 tantum
440 1707 477 1762 ut
487 1698 582 1784 plura
590 1710 698 1762 essent
705 1700 869 1764 Romanae
882 1700 1012 1763 virtutis

51 1783 162 1866 signia,
173 1784 264 1845 cuius
276 1782 345 1851 fere
355 1781 544 1866 magnitudo
553 1780 789 1847 calamitatibus
802 1781 1010 1867 adprobatur.

51 1887 84 1927 rn
102 1866 269 1929 conversis
293 1864 336 1928 ad
352 1873 487 1928 externa
504 1865 626 1928 auxilia
642 1864 807 1947 hostibus,
833 1886 906 1929 cum
922 1865 1012 1927 Xan·
1022 1873 1059 1924 23

51 1952 157 2034 ippum
168 1947 232 2011 illis
245 1947 360 2012 ducem
366 1947 591 2012 Lacedaemon
598 1950 749 2029 misisset,
762 1969 782 2010 a
793 1949 864 2011 viro
877 1949 1012 2012 militiae

51 2030 205 2095 ritissimo
220 2031 381 2094 vincimur
397 2031 494 2095 foeda
512 2029 604 2093 clade
615 2031 833 2129 Romanisque
849 2053 911 2094 usu
926 2033 1013 2094 inco-

51 2114 117 2177 ita:
132 2114 230 2176 vivus
242 2115 276 2177 in
286 2135 401 2178 manus
414 2114 555 2178 hostium
566 2113 864 2178 venitfortiss1mus
876 2114 1013 2198 impera·

51 2218 70 2259 .·.
100 2195 160 2259 sed
175 2195 231 2260 ille
243 2196 374 2283 quidem
389 2218 448 2281 par
459 2205 568 2260 tantae
584 2196 759 2259 calamitati
772 2196 849 2278 fuit3
866 2217 942 2258 nam
952 2216 1013 2259 nec

51 2280 134 2344 mico
158 2299 287 2344 carcere
316 2279 474 2343 infractus
500 2287 550 2342 est
575 2300 635 2343 nec
659 2278 821 2363 legatione
849 2289 1011 2364 suscepta.

51 2362 130 2447 ippe
143 2360 275 2425 diversa
291 2384 387 2449 quam
403 2361 506 2427 hostis
516 2363 728 2426 mandaverat
740 2363 875 2444 censuit,
893 2383 934 2425 ne
945 2383 1012 2447 pax
1022 2378 1056 2425 24

51 2454 111 2525 ret,
133 2465 175 2507 ne
192 2446 397 2509 commutatio
417 2446 618 2529 captivorum
636 2447 844 2529 reciperetur.
880 2445 938 2508 sed
951 2458 1057 2508 necas

51 2526 262 2593 avoluntario
278 2528 321 2591 ed
330 2527 433 2591 hostis
446 2550 521 2592 suos
538 2528 645 2592 reditu
661 2549 722 2592 nec
735 2528 848 2592 ultimo
862 2529 931 2591 sive
946 2549 1013 2591 car-

51 2610 94 2673 ris
105 2631 164 2675 seu
175 2611 280 2675 crucis
298 2633 336 2674 su
360 2610 456 2695 plicio
474 2611 654 2675 deformata
665 2613 834 2694 maiestas3
853 2612 950 2675 immo
961 2610 1013 2674 his

51 2692 161 2757 mibus
173 2693 330 2757 admirab'
345 2695 394 2758 ior
432 2694 489 2757 uid
501 2694 590 2758 aliud
606 2716 703 2781 quam
713 2696 819 2758 victor
830 2694 871 2758 de
882 2695 1013 2757 victori-

51 2798 70 2839 s
81 2784 180 2922 supp:
191 2777 296 2858 etiarn,
313 2777 391 2863 quia
403 2716 565 2861 darthago
584 2798 649 2840 non
661 2786 812 2857 cesserat,
830 2778 871 2840 de
882 2776 1013 2841 fortuna

51 2880 128 2958 ump
171 2858 242 2922 vit?
261 2881 302 2944 po
326 2859 399 2923 ulus
416 2869 525 2924 autem
544 2860 708 2925 Romanus
725 2859 826 2925 multo
845 2860 950 2924 acrior
965 2861 1012 2922 in·
1022 2859 1057 2910 ‘26

51 2950 192 3028 rtrorque
225 2964 261 3008 ro
307 2944 395 3007 tione
406 2943 454 3007 Re
512 2944 632 3042 iquam
666 2965 702 3007 ro
713 2944 851 3007 victoria
861 2942 934 3006 fuit.

91 3022 181 3088 Mete
207 3046 226 3090 o
242 3026 342 3124 igitur
356 3047 434 3090 cons
472 2966 704 3111 aspirantibus
724 3026 821 3090 altius
840 3026 959 3090 Poenis
979 3035 1011 3090 et
1021 3033 1055 3081 2⁷

51 3128 142 3172 uerso
152 3108 188 3171 in
200 3106 342 3171 Siciliam
354 3108 449 3190 bello,
462 3118 540 3194 aput
551 3109 769 3173 Panhormum
782 3110 828 3172 sic
839 3108 949 3173 hostes
962 3130 1012 3171 cc·

51 3190 98 3273 lit,
112 3211 155 3254 ne
165 3190 304 3277 amplius
315 3212 387 3255 eam
396 3191 537 3256 insulam
548 3193 684 3278 adgredi
695 3193 884 3276 cogitarent.
916 3200 1055 3274 argu-28

51 3284 154 3339 tntum
167 3275 309 3358 ingentis
320 3275 477 3339 victoriae
489 3284 618 3339 centum
629 3276 758 3338 circiter
769 3274 1013 3359 elephantorum

51 3357 198 3439 ptivitas,
222 3358 270 3422 sic
287 3378 416 3456 quoque
433 3379 552 3442 magna
567 3358 702 3444 praeda,
726 3358 754 3421 si
770 3379 903 3442 gregem
920 3355 1012 3418 illum

52 3460 75 3503 n
84 3438 183 3523 bello,
196 3440 255 3505 sed
265 3450 438 3506 venatmne
450 3442 601 3527 cepisset.
