2266 3832
421 202 559 258 LlBllR
583 204 614 257 ll.
936 197 976 261 15

62 385 130 425 xxxi
141 383 229 425 naves
243 367 337 442 cepit,
356 383 404 424 mv
419 366 527 440 mersit,
544 384 584 424 ru
598 365 674 425 milia
686 365 808 423 bostium
821 366 914 441 oepit,
939 385 975 426 ιιι

63 449 138 508 milia
155 448 269 510 occidit.
302 448 404 527 Neque
423 447 480 507 ulla
500 451 619 508 victoria
635 449 769 507 Romanis
786 451 894 524 gratior
909 448 972 524 luit,

63 532 139 611 quod
156 535 252 591 invicti
270 540 345 592 terra
362 534 417 591 iam
434 534 518 591 etiam
535 534 602 591 mari
620 532 767 610 plurimum
786 540 914 608 possent.
939 531 972 591 C.
984 542 1037 589 w.

64 615 187 693 Aquillio
199 614 296 690 Floro,
309 614 340 675 L.
354 617 490 692 Scipione
503 632 579 675 coss.
596 616 695 693 Scipio
708 614 855 675 Corsicam
867 625 896 674 et
907 615 972 674 Sar·
983 608 1031 653 ⁴⁹³·

62 699 164 759 diniam
183 700 320 774 vastavit,
354 698 438 758 multa
458 698 533 758 milia
557 699 623 760 inde
648 701 823 776 captivomm
847 698 972 775 abduxit,

62 783 230 859 triumphum
245 784 314 859 egit.

129 865 212 926 Can.
226 863 304 926 xxi.
322 865 404 945 (xl.)
435 866 465 926 L.
479 866 583 926 Manlio
599 865 738 941 Vulsone,
754 864 793 924 ti.
810 865 898 924 Atilio
914 865 971 924 Re·
985 885 1038 928 nm.

62 949 130 1027 gulo
141 967 218 1008 coss.
236 949 341 1009 bellum
358 952 385 1008 in
403 950 528 1010 Africam
540 949 703 1010 translatum
719 957 773 1008 est.
802 948 906 1009 Contra
918 949 973 1008 lla·
984 951 1031 994 ⁴⁹⁶·

62 1032 222 1109 milcarem,
242 1031 512 1110 Carthaginiensium
533 1033 648 1108 ducem,
673 1034 701 1091 in
721 1035 790 1091 mari
808 1042 971 1111 pugnatum,

63 1117 213 1194 victusque
230 1125 284 1175 est.
313 1115 383 1176 Nam
398 1117 515 1194 perditis
531 1136 599 1179 nxrv
616 1116 734 1175 navibus
750 1125 826 1175 retro
845 1135 878 1175 se
891 1134 972 1176 rece·

63 1201 113 1277 pit.
136 1199 254 1259 Romani
266 1218 327 1258 ιιιιιι
338 1202 498 1260 amisemnt.
529 1200 587 1260 Sed
602 1218 665 1258 oum
680 1202 708 1258 in
719 1198 843 1258 Africam
857 1201 973 1259 transis·

63 1292 142 1359 sent,
159 1284 276 1360 primam
287 1281 439 1359 Clypeam,
453 1283 568 1344 Africae
585 1284 741 1357 civitatem,
758 1285 786 1340 in
801 1282 972 1342 deditionem

63 1375 244 1443 acceperunt.
276 1363 416 1425 Consules
440 1366 585 1444 usquead
607 1364 802 1441 Carthaginem
821 1380 972 1442 processe·

62 1458 136 1525 runt,
156 1447 308 1526 multisque
325 1451 441 1508 vastatis
456 1449 576 1509 Manlius
594 1451 687 1507 victor
700 1448 817 1508 Romam
833 1447 928 1515 rediit,
944 1456 973 1507 et

62 1551 140 1592 ιιιιιιι
155 1531 230 1591 milia
243 1534 416 1610 captivomm
430 1533 556 1609 reduxit,
571 1531 674 1592 Atilius
688 1531 817 1610 Regulus
835 1535 863 1591 in
873 1531 971 1591 Africa

62 1618 203 1676 remansit.
240 1613 268 1674 ls
286 1624 382 1676 contra
397 1616 484 1677 Ainos
506 1619 596 1677 aciem
619 1618 757 1675 instruxit.
792 1615 896 1675 Contra
914 1624 973 1674 tres
1078 1673 1080 1676 Α

22 1755 28 1759 ,
64 1697 334 1777 Carthaginiensium
351 1700 440 1760 duces
457 1701 591 1760 dimicans
606 1701 699 1759 victor
714 1699 781 1775 init,
808 1718 880 1758 amn
897 1699 973 1758 milia

63 1783 184 1842 hostium
199 1783 312 1858 cecidit,
327 1785 451 1862 quinque
463 1784 539 1845 milia
552 1802 615 1842 cum
626 1802 698 1924 affin
711 1782 870 1860 elephantis
884 1785 971 1860 cepit,

63 1885 166 1925 nxxnn
178 1867 307 1926 civitates
318 1869 347 1925 in
361 1866 444 1926 iidem
456 1869 578 1944 accepit.
600 1866 642 1925 Tu
681 1867 748 1925 victi
761 1864 973 1943 Carthaginien·

57 1967 112 2008 ses
125 1966 225 2026 paoem
239 1948 400 2009 aRomanis
416 1953 566 2026 petierunt.
590 1949 680 2021 Quam
694 1967 756 2008 cum
767 1949 896 2026 Regulus
911 1947 973 2007 nol·

63 2040 103 2090 ret
114 2033 168 2090 nisi
180 2030 335 2090 durissimis
349 2030 563 2091 condicionibus
575 2031 653 2107 dare,
675 2031 737 2091 Afri
748 2033 881 2091 auxilium
893 2050 908 2091 a
921 2030 973 2090 ba-

65 2113 254 2172 cedaemoniis
274 2115 422 2190 petiemnt.
445 2113 482 2174 Et
501 2113 574 2173 duce
588 2114 769 2191 Xanthippo,
790 2117 867 2192 quia
886 2113 973 2173 lace·

64 2195 218 2255 daemoniis
240 2198 343 2256 missus
354 2197 454 2273 luerat,
473 2197 662 2256 Romanorum
674 2195 731 2256 dux
742 2196 869 2274 Regulus
881 2198 974 2256 victus

63 2288 107 2340 est
118 2277 213 2339 ultima
229 2282 364 2357 pernicie.
395 2281 465 2341 Nam
487 2281 543 2341 duo
560 2281 635 2340 milia
651 2289 755 2341 tantum
770 2299 808 2340 ex
823 2281 897 2339 omni
914 2279 972 2339 Ro·

62 2379 143 2423 mano
175 2365 301 2424 exercitu
323 2364 503 2442 refugerunt,
542 2365 687 2444 quingenti
712 2382 775 2424 oum
801 2365 973 2441 imperatore

62 2446 175 2524 Regulo
188 2449 262 2525 capti
274 2457 348 2524 sunt,
359 2467 416 2508 xxx
428 2448 504 2508 inilia
516 2451 628 2526 occisa,
641 2447 769 2525 Regulus
780 2449 844 2526 ipse
858 2450 886 2507 in
898 2456 972 2507 cate·

62 2549 113 2590 nas
127 2532 282 2592 coniectus.

125 2613 207 2674 Can.
222 2613 314 2674 Xllll.
329 2612 424 2694 (xil.)
446 2614 485 2674 Μ.
500 2615 622 2674 Aemilio
634 2613 738 2690 Panlo,
758 2615 858 2674 Servio
870 2612 971 2672 Fulvio
983 2633 1039 2677 su.

62 2697 209 2757 Nobiliore
222 2715 297 2758 coss.
308 2699 390 2758 ambo
401 2697 519 2759 Romani
528 2698 660 2758 consules
673 2698 707 2757 ad
713 2698 837 2758 Africam
849 2697 971 2774 proiecti
978 2700 1024 2744 ⁴⁹²·

62 2788 125 2840 sunt
133 2798 196 2838 oum
207 2789 393 2842 trecentamm
404 2784 514 2842 narium
526 2782 628 2842 classe.
651 2781 771 2841 Primum
782 2781 868 2841 Altos
880 2779 971 2839 navali

63 2864 214 2923 certamine
232 2875 374 2942 superant.
404 2865 542 2925 Aemilius
559 2865 657 2924 consul
675 2874 786 2924 centum
807 2873 835 2924 et
852 2873 972 2941 quatuor

61 2965 149 3007 naves
164 2947 286 3008 bostium
301 2948 444 3025 demersit,
463 2950 576 3025 triginta
587 2967 650 3008 cum
665 2948 868 3027 pugnatoribus
882 2949 969 3024 oepit,

60 3049 98 3091 xv
110 3029 186 3090 milia
207 3031 329 3090 bostium
351 3041 397 3092 aut
412 3031 516 3092 occidit
533 3041 580 3092 aut
595 3035 682 3110 cepit,
705 3031 820 3091 militem
834 3049 914 3090 snum
929 3033 970 3089 in·

60 3115 139 3190 genti
157 3113 262 3191 praeda
274 3114 379 3175 ditavit.
414 3115 451 3176 Et
466 3117 583 3176 subacta
598 3115 695 3175 Africa
710 3124 768 3174 tum
781 3115 899 3188 luisset,
916 3114 971 3174 nisi

61 3205 135 3256 tanta
154 3198 243 3256 fames
262 3197 378 3275 inisset,
402 3209 432 3258 ut
448 3193 552 3259 diutius
570 3208 739 3277 exspectare
755 3200 897 3258 exercitus
915 3214 972 3256 non

61 3290 172 3357 posset.
196 3280 338 3342 Consules
352 3300 415 3341 cum
429 3284 542 3349 ‚victrici
563 3283 656 3343 classe
669 3282 821 3342 redeuntes
841 3283 916 3342 circa
928 3281 971 3339 Si-

62 3363 154 3423 ciliam
165 3365 339 3444 naufragium
351 3368 427 3444 passi
443 3376 516 3425 sunt.
548 3365 585 3426 Et
602 3376 676 3427 tanta
690 3374 845 3443 tempestas
860 3365 922 3438 luit,
943 3371 973 3423 ut
