2266 3832
96 212 135 276 18
464 222 723 271 nvcnmnnn

136 411 283 477 XVIIII.
317 409 510 492 ROMANI,
531 406 611 489 QVI
626 406 676 471 IN
698 406 824 473 TOCA
843 408 1065 476 FVERVNT

467 504 725 571 ELVSTRES.

71 649 85 698 1
181 627 351 692 Menenius
373 625 536 709 Agrippa,
564 625 619 710 qui
641 623 853 722 dissidentem
874 625 1037 723 populum
1057 648 1102 693 se-

67 715 185 780 anstui
212 710 390 855 conlipavit
420 716 517 792 atque
549 707 745 772 conciliavit·
802 707 948 807 Apprus·
966 708 1101 792 Caecus,

95 797 150 881 qui
167 815 280 879 pacem
319 791 412 879 yrrhi
427 791 570 872 diremit,
588 812 630 854 ne
646 790 801 876 populus,
823 812 881 876 qm
898 812 968 855 suns
1013 812 1119 858 areret

69 876 258 958 avoluerat,
296 874 356 939 sub
386 874 529 937 externis
555 873 689 958 regibus
717 882 897 958 regeretur.
949 815 1100 940 Tiherius

95 960 279 1040 Gracchus,
318 960 373 1044 qui
401 955 585 1042 Scipionem
609 956 790 1021 Asiaticum
819 959 973 1056 quamvis
1000 960 1101 1023 iuimi-

95 1067 168 1109 cum
190 1043 338 1123 haberet,
372 1060 438 1104 non
460 1048 509 1103 est
530 1061 646 1124 passus
668 1062 688 1102 a
710 1039 851 1105 tribums
875 1042 914 1109 iu
935 1063 1100 1107 carcerem

95 1129 184 1208 duci,
233 1126 299 1189 uod
323 1125 446 1189 diceret
467 1122 560 1187 nefas
580 1123 627 1188 ibi
650 1145 722 1189 esse
742 1121 948 1209 Scipionem,
971 1124 1030 1191 ubi
1052 1147 1100 1190 oa·

94 1211 177 1298 ptiri
205 1148 293 1273 ilius
321 1208 428 1272 adhuc
448 1205 573 1290 alligati
597 1215 795 1271 tenerentur.
839 1206 906 1271 Hic
927 1216 980 1273 eet
1002 1209 1126 1275 Grac-ro

95 1294 229 1359 chorum
247 1302 354 1378 pater,
383 1294 438 1377 qui
462 1291 497 1352 in
513 1289 693 1372 tribunatu,
717 1311 791 1354 cum
870 1291 987 1356 ariisl
1031 1292 1101 1357 ‘bus

68 1379 273 1450 useditioncs
302 1378 498 1455 excitarent,
526 1373 690 1437 interfecti
712 1381 797 1438 sunt.
875 1375 1001 1440 ecimus
1050 1398 1101 1441 ru·

96 1472 148 1526 tus
177 1459 356 1540 Callaicus,
403 1458 459 1542 qui
493 1455 531 1521 Ο.
560 1455 743 1521 Gracchum
775 1478 933 1542 generum
1064 1460 1101 1523 ”s

96 1543 224 1629 legibus
250 1544 299 1606 rei
330 1540 480 1627 publicae
510 1547 628 1604 statum
658 1539 844 1605 turbantem
868 1562 945 1606 oum
1026 1543 1100 1607 imio

70 1628 229 1700 sconsule
249 1625 420 1710 oppressit.
463 1622 509 1687 M.
531 1623 668 1705 Brutus,
691 1625 747 1710 qui
766 1623 903 1711 Pompei
920 1634 1033 1711 partes
1054 1642 1126 1691 seu

95 1719 203 1790 cutus,
225 1730 302 1772 mox
323 1728 342 1770 a
365 1705 505 1770 Caesare
526 1709 698 1771 restitutus
720 1709 756 1771 in
775 1718 912 1773 mortem
933 1709 1007 1773 eius
1031 1730 1103 1773 con«

70 1793 231 1872 eiuravit,
263 1789 351 1876 quod
369 1790 521 1854 affectare
543 1811 660 1854 nomen
680 1792 807 1876 regium
827 1791 1006 1856 videretur.
1050 1792 1102 1857 Li-

95 1878 168 1940 vius
196 1875 340 1954 Drusus,
366 1874 422 1960 qni
450 1875 588 1958 agrariis
615 1873 743 1958 legibus
772 1873 989 1960 promulgatis
1019 1898 1101 1941 sum·

95 1981 183 2025 mum
199 1956 311 2045 populi
330 1956 470 2022 Romani
488 1957 635 2022 favorem
654 1965 861 2039 consecutus,
883 1979 925 2021 ne
941 1960 1102 2044 promissa

96 2042 281 2143 perficeret,
303 2064 362 2128 per
383 2042 519 2106 insidias
544 2063 564 2104 a
583 2040 669 2104 Phili
692 2063 734 2126 po
758 2041 892 2107 consule
911 2040 1001 2107 domi
1024 2063 1127 2111 suasa

71 2127 287 2197 tinterfectus
317 2135 375 2189 est.
419 2126 568 2190 Lutatius
594 2063 744 2207 Catulus,
772 2124 829 2211 qui
847 2124 1010 2210 Lepidum
1031 2136 1102 2191 acta

99 2211 209 2277 Sullae
228 2209 414 2275 rescindere
433 2209 597 2273 volentem
618 2208 746 2273 admoto
766 2208 912 2273 exercitu
934 2207 1036 2273 Italia
1054 2210 1102 2275 su·

99 2298 190 2378 gavit
219 2303 251 2357 et
280 2293 368 2356 solus
399 2294 541 2357 omnium
563 2292 633 2355 sine
669 2293 826 2375 sanguine
851 2290 977 2355 bellum
1003 2292 1102 2357 civIle

74 2377 250 2446 Sconfecit.
301 2375 382 2439 Cato
405 2375 595 2455 Censorius,
621 2376 677 2460 qui
698 2376 817 2439 totiens
844 2384 1014 2439 accusatus
1043 2384 1101 2458 est,

100 2469 131 2524 et
152 2458 259 2545 quoad
276 2459 360 2522 vixit
373 2457 519 2522 nocentis
539 2477 691 2521 accusare
708 2480 774 2524 non
790 2459 923 2523 destitit.
967 2458 1035 2523 Hic
1052 2470 1130 2529 estu

99 2543 242 2606 omnium
259 2562 368 2604 rerum
386 2541 601 2626 peritissimus
622 2549 667 2622 et,
685 2551 721 2604 ut
743 2541 895 2607 Sallustio
916 2541 1036 2627 Crispo
1055 2546 1102 2607 ri·

73 2625 210 2706 odetur,
225 2623 364 2687 Romani
382 2624 511 2706 generis
524 2623 766 2688 disertissimus.
811 2623 892 2691 Cato
909 2628 1103 2712 praetorius,

100 2709 155 2794 qui
181 2706 268 2771 bello
300 2704 389 2770 civili
417 2714 526 2791 partes
551 2707 631 2770 Pom
656 2709 686 2772 ei
717 2718 846 2773 secutus
874 2710 959 2774 mori
987 2708 1104 2776 maluit

58 2806 92 2858 10
101 2811 198 2890 quam
219 2799 382 2888 superstes
406 2811 477 2889 esse
499 2729 717 2877 reipublicae
741 2792 905 2856 servienti.
926 2791 1102 2893 Scaurus,

58 2971 88 3020 11
101 2873 1001 3045 pploveorprpbrfiilcrpmleppruceppppecpppfiospxuppiepenrppi,‚
1026 2898 1105 3047 {did

100 3062 166 3104 nou
179 3043 241 3105 rite
256 3042 467 3125 inauguratus
480 3041 592 3104 consul
603 3042 784 3126 videretur,
805 3043 975 3107 consulatu
993 3064 1029 3107 se
1047 3043 1104 3110 ab·

101 3125 223 3189 dicavit
244 3133 277 3186 et
302 3124 431 3188 domitis
456 3123 618 3189 Dalmatis
643 3124 787 3190 oblatum
809 3148 829 3190 a
857 3136 970 3192 senatu
991 3127 1104 3191 trium·

101 3209 200 3294 phum
230 3207 414 3292 repudiavit
445 3215 645 3295 statuasque,
686 3231 765 3294 quas
799 3209 861 3274 sibi
896 3211 1035 3296 quisque
1067 3212 1104 3275 in

100 3291 231 3377 publico
250 3299 417 3376 posuerat,
443 3292 479 3355 in
495 3313 632 3356 censura
645 3315 704 3356 sua
725 3293 864 3358 sustulit.
911 3292 1047 3358 Censuit
1064 3295 1101 3358 in
1116 3328 1133 3335 η

102 3384 217 3439 senatu
241 3384 350 3438 tamen
378 3373 607 3458 Carthaginem
631 3398 698 3439 uon
721 3398 792 3440 esse
811 3376 997 3441 delendam:
1027 3398 1102 3463 pro·

59 3478 94 3529 12
102 3467 215 3544 pterea
247 3460 385 3545 optimus
415 3458 585 3522 iudicatus.
636 3457 807 3523 Cornehus
834 3458 1014 3545 Cethegus,
1046 3460 1103 3547 qui
