2266 3832
106 211 149 270 40
463 220 745 269 rnomnmronn.

110 381 142 437 et
154 370 350 435 Macedonas
361 380 397 434 ut
413 371 508 434 tertio
527 389 654 456 quoque
672 372 892 454 vincerentur,
908 373 1029 438 eodem
1040 383 1111 440 tem

82 469 101 517 a
134 476 189 520 ore
211 455 340 600 utrique
361 474 451 517 arma
470 461 651 517 moverunt.
681 454 739 552 sed
755 455 845 539 prior
861 455 980 539 iugum
996 460 1112 557 exputit

146 538 539 622 acedo,a1quantoquam
555 545 631 599 ante
641 557 781 620 gravior,
798 537 877 600 dum
887 546 1111 607 contemnitur.

84 633 210 685 acausa
227 619 307 684 belli
322 640 422 718 prope
442 618 672 683 erubescenda.
701 621 820 767 qqlippe
839 640 981 704 regnum
995 626 1113 709 pariter

110 713 142 767 et
162 702 284 767 bellum
304 725 356 767 vn
380 702 513 766 ultimae
535 704 631 766 sortis
651 703 706 767 An
759 724 833 767 ecus
852 704 1038 789 invaserat,
1060 708 1127 777 dus

107 786 198 850 bium
218 785 301 849 liber·
329 807 372 848 an
394 806 523 866 servus,
550 787 790 849 mercennarius
819 794 924 870 certe,
952 789 1014 854 sed
1085 792 1093 807 ⁰

106 868 207 952 vulgo
232 867 402 953 Philippus
423 868 543 932 Persae
566 867 653 931 filius
680 868 873 951 vocabatur,
900 812 1113 955 regiemffl

106 973 209 1033 mam,
232 951 358 1034 regium
378 972 511 1032 nomen,
534 952 675 1014 animum
696 973 825 1038 queque
846 953 934 1037 regis
955 954 1111 1041 implevit.

82 1035 210 1119 rigitur
228 1034 305 1098 dum
325 1033 404 1097 haec
421 1035 493 1119 ipsa
514 1035 690 1099 contemnit
710 1035 848 1121 populus
865 1035 1045 1121 Romanus,
1062 1038 1111 1103 Iu·

108 1117 219 1181 ventio
235 1125 385 1202 praetore
401 1125 580 1198 contentus,
600 1118 708 1180 virum
723 1138 791 1181 non
805 1116 1030 1185 Macedonicis
1047 1142 1131 1188 mos

110 1201 151 1265 do
174 1201 233 1265 sed
253 1200 412 1264 Thraciae
439 1221 482 1285 qu
524 1220 565 1263 ue
592 1199 724 1264 auxiliis
752 1200 941 1285 ingentibus
968 1203 1112 1270 validum

109 1293 230 1347 temere
247 1283 418 1369 temptavit
431 1283 508 1345 inva
534 1282 604 1364 dus,
620 1283 741 1368 quique
755 1303 822 1347 non
835 1304 856 1346 a
868 1286 957 1348 veris
968 1287 1110 1371 regibus,

83 1367 152 1434 tab
173 1367 229 1431 illo
246 1366 438 1451 imaginario
460 1373 492 1429 et
509 1365 657 1429 scaenico
678 1386 757 1450 rege
777 1375 948 1451 superatus
965 1379 1026 1433 eat.
1056 1371 1112 1435 sed

111 1449 224 1514 consul
245 1449 396 1513 Metellus
418 1450 571 1511 amissum
595 1469 668 1512 cum
688 1448 719 1512 le
745 1450 818 1514 ‘one
837 1458 1023 1535 praetorem
1048 1454 1111 1539 ple·

108 1533 242 1595 nissime
264 1531 351 1594 ultus
374 1540 432 1594 est.
465 1552 540 1594 nam
563 1540 595 1594 et
616 1471 838 1597 Macefniam
859 1534 1017 1599 servitute
1032 1536 1112 1601 mul-

107 1615 191 1678 tavit
218 1622 250 1677 et
270 1613 385 1677 ducem
411 1613 490 1676 belli
512 1614 657 1677 deditum
683 1613 724 1678 ab
748 1636 786 1680 eo
814 1615 857 1679 ad
877 1637 976 1702 quom
1002 1620 1113 1685 conlu-

132 1705 201 1760 erat
231 1695 389 1758 Thraciae
420 1697 533 1780 regulo
564 1698 599 1759 in
624 1696 739 1760 urbem
765 1700 801 1761 in
821 1700 945 1763 catenis
970 1701 1112 1784 reduxit,

107 1719 170 1843 doc
187 1799 314 1924 quoque
331 1777 381 1841 illi
396 1779 432 1840 in
448 1779 541 1841 malis
559 1780 626 1842 suis
646 1779 835 1866 indulgente
853 1782 994 1866 fortune,
1016 1793 1055 1849 ut
1073 1786 1112 1851 de

109 1883 146 1925 eo
167 1883 255 1946 popu
267 1883 305 1924 us
322 1861 485 1925 Romanus
510 1863 604 1946 quasi
627 1861 668 1926 de
689 1884 768 1948 rege
788 1886 866 1929 vero
886 1867 1110 1952 triumpharet.

208 1993 341 2059 XXXI.
365 1993 551 2059 BELLVM
571 1992 778 2060 PVNIOVM
798 1992 1012 2063 TERTIVM.
1117 2026 1133 2066 s

36 2135 75 2203 11,
85 2120 124 2184 15
195 2113 341 2178 Tertium
350 2112 509 2177 Punicum
520 2112 642 2177 bellum
652 2121 684 2176 et
698 2120 843 2196 tempore
854 2113 1011 2197 exignum
1023 2117 1112 2203 (nam

107 2198 319 2288 quadriennio
329 2204 457 2281 raptum
468 2196 530 2294 est)
542 2205 573 2259 et
581 2198 615 2259 in
622 2196 892 2280 comparationem
900 2197 1046 2280 priorum
1054 2201 1111 2263 mi·

108 2284 232 2347 nimum
249 2279 360 2344 labore
379 2285 458 2364 (non
476 2301 561 2342 enrm
576 2288 644 2342 tam
662 2299 735 2342 cum
748 2279 830 2341 viris
841 2300 938 2364 quam
955 2284 1111 2368 cumipse

108 2364 190 2429 urbe
206 2370 384 2448 pugnatum
401 2363 517 2507 cspmet
532 2360 628 2446 plane
643 2362 820 2425 maximum
837 2370 970 2426 eventu:
991 2366 1110 2451 quippe

80 2446 239 2511 atandem
255 2444 417 2527 Carthago
483 2444 597 2507 ‘taest
625 2444 746 2529 adquin
756 2445 785 2507 si
795 2445 867 2530 quis
877 2446 975 2509 trium
983 2455 1106 2534 tempo-

107 2551 180 2594 rum
201 2535 363 2591 momenta
379 2526 575 2608 consideret,
600 2528 702 2611 primo
719 2528 925 2592 commissum
946 2537 996 2592 eet
1011 2529 1110 2595 Parni-

109 2634 182 2676 cum
192 2610 328 2690 bellum,
345 2608 552 2696 profligatum
563 2610 714 2690 secundo,
731 2611 826 2676 tertio
836 2630 915 2675 vero
926 2611 1112 2678 coniectum

82 2704 169 2761 test.
199 2693 257 2758 sed
273 2693 368 2756 huius
386 2712 484 2755 causa
499 2691 593 2773 belli,
619 2693 706 2777 quod
717 2702 829 2757 contra
844 2693 986 2758 foederis
1002 2693 1111 2781 legem

110 2779 268 2843 adversus
279 2775 437 2841 Numidas
449 2775 593 2861 quidem,
611 2775 670 2839 sed
684 2785 854 2874 parassent
864 2776 1001 2843 classem
1012 2787 1045 2842 et
1054 2801 1110 2844 ex-

82 2862 254 2930 cercitum.
277 2860 429 2944 frequens
442 2866 550 2923 autem
561 2859 753 2924 Massimssa
763 2860 837 2925 finis
848 2860 1035 2944 territabat3
1049 2863 1108 2928 sed
1127 2899 1129 2906 2

108 2944 230 3009 huicut
242 2941 327 3007 bono
340 2942 490 3026 socioque
501 2944 573 3026 regi
583 2941 764 3008 fevebatur.
784 2964 857 3009 cum
868 2942 1006 3010 debello
1018 2945 1110 3010 sede·

108 3035 173 3108 ret,
192 3026 233 3089 de
244 3025 323 3091 belli
333 3025 397 3089 fine
408 3033 579 3089 tractatum
590 3033 648 3090 est.
675 3024 756 3092 Cato
767 3026 958 3112 inexpiabili
968 3027 1044 3093 odio
1054 3029 1110 3093 de·

110 3109 239 3175 lendam
257 3129 328 3173 esse
342 3107 588 3192 Carthaginem,
606 3117 638 3173 et
654 3130 728 3172 cum
743 3110 784 3174 de
802 3109 865 3176 alio
877 3110 1108 3194 consuleretur,

84 3191 352 3280 5pronuntiabat,
371 3189 479 3276 Scipio
489 3190 609 3256 Nasica
620 3194 828 3274 servandam,
845 3213 887 3257 ne
897 3200 985 3257 metu
998 3193 1109 3261 ablato

111 3276 256 3341 aemulae
262 3275 419 3341 luxuriari
430 3273 568 3341 felicitas
579 3275 668 3340 urbis
680 3276 851 3361 inciperet3
863 3276 1005 3341 medium
1013 3299 1105 3342 sena·
1120 3302 1123 3310 ’

86 3367 167 3427 otus
181 3359 287 3444 elegit,
297 3367 333 3422 ut
343 3357 421 3421 urbs
431 3365 555 3421 tantum
566 3357 636 3422 loco
647 3367 840 3423 moveretur.
852 3358 935 3423 nihil
941 3360 1027 3423 enim
1036 3382 1108 3447 spe-

115 3443 235 3507 ciosius
251 3439 422 3507 videbatur
439 3461 534 3516 quam
546 3462 613 3504 ease
633 3440 876 3507 flnmtneinam,
893 3461 977 3524 quae
992 3463 1058 3504 nnn
1069 3445 1108 3508 ti·
