2266 3832
97 231 137 294 22
463 238 559 290 aven
579 240 727 290 Amul

96 396 233 462 Allobro
257 415 294 457 as
316 391 537 473 sollicitasset,
564 391 606 456 ab
632 390 790 457 Cicerone
809 392 846 457 in
867 400 987 459 senatu
1011 414 1095 460 acur-

98 490 202 561 satus,
222 417 264 542 ab
284 475 428 541 Antonio
449 476 485 539 in
502 474 624 562 Apulia
646 473 829 541 debellatus
851 484 913 541 est.

119 625 282 690 XXVIII.
327 622 530 688 POPVLVS
553 621 768 689 ROMANVS
797 623 894 691 CVM
916 624 1081 717 QVIBVS

120 720 345 787 GENTIBVS
370 719 801 884 BELLAOXQISSIIRVIT
826 720 887 785 ΕΤ
916 720 1081 803 QVIBVS
1106 842 1117 882 ι

76 954 89 1003 1
184 937 328 1023 Populus
348 937 514 1001 Romanus
536 936 598 1001 sub
610 936 747 1001 Romulo
768 938 929 1024 pugnavit
951 958 1028 1003 cum
1048 937 1100 1005 Ss-

99 1023 185 1170 hilipis
214 1022 460 1143 pripsp*propter
486 1020 632 1104 virgines
659 1030 785 1108 raptas:
812 1020 874 1086 sub
902 1018 1003 1087 Tullo
1032 1044 1100 1089 cum

98 1109 128 1169 A
165 1107 236 1168 anis

74 1206 91 1254 2
185 1188 322 1252 Pontius
344 1189 530 1270 Telesinus,
562 1189 631 1252 dux
651 1186 844 1271 Samnitum,
870 1190 928 1275 qui
953 1190 1000 1255 ad
1021 1189 1100 1257 Cau·

101 1274 194 1338 (linas
216 1273 361 1337 furculas
381 1273 544 1337 Romanos
567 1271 627 1336 sub
648 1273 762 1357 iugum
780 1274 880 1337 misit.
1106 1294 1127 1335 a

75 1367 92 1419 3
184 1356 322 1443 Pyrrus,
344 1378 406 1421 rex
421 1356 643 1441 Epirotarum,
672 1356 728 1441 qui
747 1376 806 1442 pro
828 1354 1018 1421 Tarentinis
1035 1354 1099 1421 bel·

101 1441 168 1505 lum
190 1463 262 1505 cum
283 1440 438 1504 Romanis
460 1441 562 1523 gessit
583 1447 776 1525 vastataque
788 1436 972 1525 Campania
992 1440 1036 1505 ad
1054 1440 1097 1505 vi·

100 1527 255 1588 cesimum
282 1523 323 1586 ab
344 1523 426 1586 urbe
448 1522 589 1607 lapidem
609 1524 772 1608 pervenit,
799 1545 877 1588 mox
897 1544 919 1587 a
941 1522 1043 1589 Ouio
1069 1531 1099 1587 et

99 1606 251 1670 Fabricio
273 1608 378 1669 victus
400 1607 434 1668 in
446 1607 585 1690 patriam
606 1607 781 1689 concessit,
804 1616 844 1671 et.
858 1628 933 1671 cum
942 1606 1098 1671 Achaiam

100 1692 197 1752 armis
213 1688 323 1751 subse
339 1687 418 1752 rede
442 1692 535 1770 isset,
556 1688 782 1754 Macedoniam
794 1710 921 1777 quoque
932 1690 1121 1775 Antigones

99 1773 169 1856 regi
201 1772 388 1857 eripuisset,
418 1711 499 1834 dum
526 1773 634 1857 Argos
668 1783 848 1859 expugnat,
880 1775 1010 1838 occisus
1041 1782 1096 1838 est.

99 1855 251 1920 Omnium
273 1854 473 1920 Graecorum
499 1857 754 1940 sapientissimus
781 1866 814 1922 et
832 1856 985 1922 militaris
1007 1856 1097 1922 disci-

73 1939 207 2025 4plinae
234 1940 449 2025 peritissimus
475 1939 547 2004 fuit.
591 1940 749 2023 Annibal,
777 1943 834 2027 qui
858 1961 979 2005 novem
1003 1960 1097 2005 anno

98 2046 171 2087 rum
197 2032 322 2108 patrem
349 2025 384 2087 in
411 2023 603 2110 Hispaniam
629 2034 774 2106 secutus,
810 2026 916 2088 minor
942 2044 1097 2089 annorum

99 2107 199 2172 XXV
223 2109 398 2192 imperator
422 2108 527 2172 factus
552 2108 690 2171 triennio
720 2111 754 2170 in
772 2107 933 2193 Hispania
959 2108 1042 2173 vicit
1066 2114 1120 2171 cta

100 2194 269 2256 eversione
283 2190 419 2276 Sagunti
442 2200 535 2276 rupto
558 2191 689 2255 foedere
709 2190 809 2276 perP
852 2212 990 2255 enaeum
1001 2199 1035 2256 et
1043 2189 1096 2255 Al·

98 2297 156 2360 pes
178 2277 213 2338 in
233 2275 362 2339 Italiam
380 2277 478 2354 venit,
502 2284 533 2338 et
546 2273 730 2359 Scipionem
750 2275 792 2338 ad
832 2275 916 2339 itern
1004 2274 1097 2339 Tibe

98 2360 182 2421 rium
198 2357 370 2422 Claudium
386 2359 473 2442 apud
492 2355 656 2438 Trebiam,
678 2357 874 2421 Flaminium
891 2378 912 2420 a
933 2380 957 2421 u
991 2356 1097 2421 Trasi-

97 2463 259 2521 mennum,
276 2441 414 2503 Paulum
426 2449 457 2502 et
468 2440 648 2503 Varronem
659 2442 745 2526 apud
760 2440 899 2523 Cannas,
946 2440 1098 2505 racchum

97 2525 132 2585 in
152 2523 311 2604 Lucania,
333 2522 524 2586 Marcellum
545 2523 579 2584 in
598 2523 777 2609 Campania
801 2525 978 2609 superavit.
998 2524 1067 2563 ***
1101 2536 1123 2577 ²⁵

140 2675 321 2739 XXVIIII.
367 2675 536 2741 STATVS
557 2677 722 2742 POPVLI
742 2675 920 2742 ROMANI
941 2674 1061 2756 QVAS

307 2772 690 2840 OOMMVTATIONES
709 2772 891 2839 HABVIT.

74 2899 84 2947 1
182 2885 326 2971 Populus
339 2886 502 2951 Romanus
515 2892 653 2974 primum
665 2889 725 2952 sub
738 2887 870 2972 regibus
882 2886 959 2951 fuit:
979 2888 1097 2955 deinde

97 2976 170 3052 post
198 2968 382 3054 superbiam
409 2970 578 3057 Tarquinii
609 2981 641 3037 et
667 2973 803 3036 inlatum
826 2970 1000 3036 Lucretiae
1031 2980 1096 3037 stu·

96 3073 190 3135 prum
212 3052 356 3137 expulsis
377 3055 508 3138 regibus
526 3057 660 3120 tutelam
679 3059 730 3120 sui
741 3053 927 3120 consulibus
940 3054 1126 3121 tribunis-rr

72 3149 88 3197 2
121 3156 160 3197 ue
175 3137 342 3199 commisit.
371 3137 500 3203 Deinde
515 3140 696 3203 tribuniciis
714 3137 926 3203 seditionibus
943 3140 1095 3223 agitabis,

98 3240 118 3281 a
142 3218 256 3282 dicatis
277 3220 425 3284 omnibus
443 3222 684 3307 magistratibus
707 3222 906 3287 decemviros
926 3220 1037 3307 legum
1049 3224 1096 3289 fe·

97 3302 270 3366 rendarum
292 3312 323 3365 et
344 3305 391 3367 rei
434 3305 563 3370 ublicae
581 3307 825 3370 constituendae
844 3325 942 3369 causa
954 3308 1093 3391 paravit.

70 3386 223 3450 3Horum
250 3407 376 3535 guoque
422 3391 649 3454 ominationem
677 3400 708 3454 et
726 3389 893 3454 libidinem
915 3388 1095 3455 detestatus

97 3490 207 3532 narsus
230 3492 250 3533 a
298 3473 445 3535 consules
466 3473 578 3538 rediit.
607 3474 709 3536 donec
731 3474 853 3538 evertis
872 3471 968 3537 bellis
989 3473 1128 3543 civili-ts
