2266 3832
287 306 497 368 fflSTORIAE
519 309 711 369 ROMANAE
733 312 774 384 ll,
794 320 839 373 80.
1006 316 1047 375 63

70 473 140 517 curn
155 458 241 532 prius
257 458 469 533 despondente
484 460 512 517 ei
526 458 662 534 Nerone,
682 463 731 521 cui
748 470 816 522 ante
831 470 926 538 nupta
940 466 1045 537 luerat,

69 539 200 614 Liviam,
216 543 382 617 auspicatis
394 542 579 616 reipublicae
593 544 745 605 ominibus
751 546 964 606 duxisseteam
971 565 1045 608 uxo-

69 640 152 697 rem,
167 623 313 699 Pompeio
330 626 513 699 Siciliaeque
533 626 643 686 bellum
659 628 766 688 intulit.
803 629 863 688 Sed
878 630 977 689 virum
992 631 1076 692 hut

70 723 161 767 mana
172 724 232 782 ope
244 708 388 769 invictum
399 708 531 783 graviter
542 725 579 768 eo
592 718 729 786 tempore
740 714 862 773 fortuna
876 715 1045 774 concussit:

72 791 189 868 quippe
210 792 301 866 longe
315 792 461 851 maiorem
482 800 597 867 partem
614 796 722 854 classis
739 795 820 856 circa
834 797 952 856 Veliam
970 797 1045 856 Pali-

71 876 202 949 norique
217 874 457 949 promontorium
472 877 580 935 adorta
593 877 641 937 vis
656 878 750 937 Africi
771 880 917 940 laceravit
932 896 968 939 ac
984 881 1044 939 dis-

70 959 145 1021 tulit.
166 958 211 1017 Ea
225 961 374 1033 patrando
395 957 475 1020 bello
491 975 576 1018 mora
591 962 660 1033 luit,
682 964 765 1036 quod
787 971 895 1037 postea
912 963 1005 1022 dubia
1020 972 1077 1026 eta

70 1042 220 1102 interdum
231 1043 353 1118 ancipiti
365 1044 612 1118 lortunagestum
624 1054 684 1105 est:
697 1063 767 1105 nam
779 1055 808 1107 et
820 1046 930 1106 elassis
938 1048 1047 1107 eodem

70 1127 140 1186 loeo
153 1133 264 1185 vexata
276 1136 323 1186 est
336 1133 515 1201 tempestate
525 1134 554 1185 et
564 1136 596 1186 ut
610 1129 710 1187 navali
721 1129 818 1203 primo
834 1130 949 1203 proelio
964 1131 1047 1204 apud

69 1208 171 1287 Mylas
187 1210 280 1269 ductu
295 1209 452 1285 Agrippae
470 1219 635 1284 pugnatum
649 1228 813 1287 prospere,
835 1215 875 1273 ita
889 1214 1045 1287 inopinato

70 1293 181 1353 classis
203 1294 334 1353 adventu
355 1295 457 1367 gravis
479 1293 535 1352 sub
562 1294 660 1367 ipsius
682 1296 821 1354 Caesaris
849 1298 944 1356 oculis
966 1297 1048 1355 cirea

69 1378 303 1437 Tauromenium
325 1385 453 1452 accepta
473 1377 593 1442 cladem
615 1394 716 1452 neque
736 1379 774 1437 ab
795 1379 864 1452 ipso
880 1380 1047 1453 periculum

71 1460 177 1520 abluit.
216 1461 379 1533 Legiones,
402 1476 482 1535 quae
498 1476 565 1518 cum
581 1460 742 1520 Cornificio
758 1468 844 1520 erant
858 1463 957 1534 legato
974 1462 1045 1520 Cae-

72 1543 166 1617 saris,
189 1543 348 1617 expositae
369 1545 398 1602 in
419 1551 529 1603 terram
551 1560 649 1616 paene
671 1561 689 1603 a
708 1544 853 1619 Pompeio
876 1560 1048 1618 oppressae

72 1633 152 1685 sunt.
190 1625 252 1686 Sed
268 1627 406 1701 ancipitis
422 1629 541 1687 iorluna
556 1629 702 1700 temporis
718 1637 835 1688 mature
857 1627 1076 1692 virtutemne

71 1717 170 1769 recta:
191 1711 351 1785 explicatis
367 1712 481 1785 quippe
495 1710 655 1784 utriusque
670 1713 765 1786 partis
781 1710 933 1771 classibus
949 1726 1048 1785 paene

72 1793 213 1853 omnibus
238 1801 347 1853 exutus
373 1795 502 1854 navibus
526 1793 689 1868 Pompeius
715 1796 821 1855 Asiam
847 1796 919 1868 tuga
944 1794 1048 1869 petivit

71 1876 221 1952 iussuque
235 1876 274 1937 M.
289 1879 418 1949 Antoni,
442 1880 528 1937 euius
544 1893 634 1951 opem
650 1879 790 1952 petierat,
813 1880 884 1937 dnm
901 1879 977 1937 inter
993 1878 1046 1937 du-

71 1976 138 2019 cem
159 1967 189 2019 et
204 1961 372 2034 supplicem
394 1962 589 2020 tumultuatur
603 1968 633 2019 et
647 1978 726 2021 nune
741 1962 916 2034 dignitatem
931 1961 1046 2033 retinet,

70 2058 154 2103 nunc
165 2044 256 2101 vitam
271 2050 424 2115 precatur,
449 2043 555 2102 aTitio
569 2044 720 2115 iugulatus
741 2053 802 2115 est,
825 2043 874 2101 cui
891 2045 1048 2103 intantum

72 2126 193 2185 duravit
207 2124 267 2183 hoc
282 2124 417 2183 facinore
434 2132 619 2184 contractum
635 2126 753 2200 odium,
773 2133 807 2185 ut
827 2142 898 2185 mox
913 2126 1002 2185 ludos
1017 2126 1048 2183 in

71 2209 190 2269 theatro
214 2206 339 2280 Pompei
364 2207 480 2267 faciens
512 2209 705 2267 execratione
731 2210 836 2283 populi
862 2210 1048 2282 spectacula,

73 2291 158 2366 quod
175 2291 356 2365 praebebat,
372 2292 543 2365 pelleretur.

157 2374 270 2433 LXXX.
311 2373 474 2433 Aceiverat
494 2391 604 2449 gerens
621 2382 726 2434 eontm
739 2374 916 2449 Pompeium
936 2374 1073 2443 bellum1

72 2475 112 2519 ex
126 2459 231 2518 Africa
246 2457 359 2517 Caesar
373 2458 522 2531 Lepidum
540 2474 608 2518 eum
630 2459 793 2518 duodecim
814 2456 990 2530 semiplenis
1005 2458 1046 2515 le-

72 2542 224 2616 gionibus.
260 2541 316 2600 Hic
331 2542 378 2600 vir
393 2542 526 2601 omnium
541 2542 726 2602 vanissimus
742 2557 843 2617 neque
864 2543 925 2601 ulla
941 2541 1075 2609 virtutae

72 2634 133 2686 tam
144 2627 265 2699 longam
277 2626 417 2685 fortunae
428 2626 644 2700 indulgentiam
656 2623 1046 2685 meritusexercitumPom-

74 2709 138 2784 pei,
156 2710 228 2783 quia
242 2708 370 2783 propior
383 2709 495 2781 luerat,
512 2719 691 2784 sequentem
707 2728 766 2770 non
788 2710 886 2784 ipsius
903 2709 958 2768 sed
975 2710 1046 2767 Cae-

73 2793 151 2853 saris
167 2793 373 2853 auctoritatem
387 2807 423 2850 ac
437 2793 543 2863 fidem,
559 2793 616 2851 sibi
634 2795 774 2853 iunxerat
787 2793 971 2864 inflatusque
986 2808 1047 2849 am-

73 2876 154 2951 plius
169 2875 273 2950 viginti
296 2876 447 2950 legionum
463 2890 587 2935 numero
609 2876 688 2933 inid
711 2876 821 2934 luroris
843 2884 1047 2949 processerat,

73 2959 224 3020 utinutilis
238 2960 356 3019 alienae
367 2958 513 3017 victoriae
527 2973 646 3031 comes,
662 2975 752 3031 quam
768 2958 821 3015 diu
835 2965 970 3016 moratus
986 2966 1051 3015 erat

74 3042 254 3102 dissidendo
281 3042 310 3100 in
336 3041 472 3102 consiliis
489 3040 628 3099 caesaris
655 3049 685 3099 et
706 3054 829 3112 semper
848 3038 971 3096 diversa
993 3038 1048 3109 liis,

75 3141 155 3199 quae
168 3127 234 3185 aliis
257 3126 433 3201 placebant,
457 3124 602 3193 dicendo,
624 3129 717 3181 totam
738 3120 894 3180 victoriam
916 3128 949 3178 ut
963 3135 1050 3178 suam

73 3209 330 3284 interpretabatur
342 3208 535 3282 audebatque
548 3206 725 3266 denuntiare
733 3204 871 3276 Caesari,
887 3203 1050 3263 excederet

75 3290 187 3352 Sicilia.
209 3292 275 3352 Non
284 3293 322 3352 ab
331 3291 525 3367 Scipionibus
541 3291 669 3364 aliisque
682 3288 1048 3349 veteribusRomanorum
1060 3296 1078 3348 3

74 3376 188 3437 ducum
206 3375 370 3450 quicquam
391 3390 499 3434 ausum
515 3383 724 3449 patratumque
745 3370 852 3431 lortius
874 3386 965 3446 quam
978 3376 1050 3428 tunc

76 3457 251 3519 acaesare:
268 3458 808 3533 quippecuminermisetlaeernatus
818 3465 916 3528 esset,
929 3461 1051 3528 praeter

75 3558 186 3603 uomen
199 3542 272 3601 nihil
283 3542 406 3600 trahens
421 3541 579 3613 ingressus
591 3539 820 3614 eastraLepidi,
835 3536 953 3599 eritatis
971 3552 1050 3612 quae
