2266 3832
124 234 164 296 22
481 245 766 296 nuomnmrons.

125 410 188 481 ret,
202 398 322 464 oblitus
335 405 367 461 et
378 397 551 463 Lucretiae
562 406 595 462 et
608 418 723 482 regum
733 406 766 461 et
779 398 860 462 iuris
894 398 965 463 uod
976 398 1047 482 ipse

100 490 288 570 sposuerat.
310 482 420 579 itaque
437 501 511 546 cum
522 502 710 580 oppressam
725 480 846 546 iudicio
903 483 971 545 iam
992 481 1047 544 tra

127 568 316 632 servitutem
336 564 464 629 vrderet
480 563 650 648 Virginius
676 573 784 650 pater,
807 563 890 629 nihil
906 572 1047 630 cunctat*

124 648 310 715 medioforo
318 647 661 729 manusuainteriecit,
672 647 876 732 admotisque
887 649 1047 733 signisco:

126 734 263 798 litonum
271 740 373 796 totam
384 752 456 795 eam
466 730 891 796 dominationemobsessam
901 732 1005 796 armis
1017 731 1047 795 in

126 837 232 881 cerem
243 823 275 880 et
286 823 417 878 catenas
433 813 475 878 ab
485 815 650 879 Aventino
661 824 770 879 monte
781 813 935 880 detraxit.

72 912 114 976 25
210 897 354 962 Tertiam
365 897 557 962 seditionem
569 899 725 962 excitavit
734 897 1047 964 matrimoniorumd

125 993 176 1047 tas
183 991 240 1064 ,ut
277 979 846 1066 lebeicumpatriciisiungerentur,
859 982 917 1068 qui
926 979 1047 1046 tumult

124 1076 234 1130 monte
253 1003 400 1128 laniculo
421 1063 504 1128 duce
528 1063 686 1129 Canuleio
704 1064 834 1129 tribuno
861 1063 969 1150 plebis
997 1085 1047 1128 ext

72 1159 115 1221 26
128 1158 276 1236 quartam
286 1147 446 1212 honorum
456 1148 591 1234 cupido,
612 1157 648 1211 ut
658 1147 768 1233 plebei
778 1169 906 1233 quoque
917 1149 1047 1232 magist

100 1240 322 1297 acrearentur.
358 1230 482 1295 Fabius
502 1230 682 1295 Ambustus
712 1231 850 1295 duarum
873 1239 968 1316 pater
995 1230 1047 1294 alt

128 1315 187 1382 Sul
209 1316 272 1380 icio
291 1315 424 1415 patricii
446 1316 615 1398 sanguinis
643 1314 792 1395 dederat,
820 1313 958 1378 alteram
1006 1313 1047 1378 lel

101 1339 218 1467 estoldi
237 1398 301 1463 sib1
316 1399 432 1463 runxit.
468 1419 533 1483 qua
551 1397 692 1485 quodam
704 1406 864 1484 tempore,
883 1396 972 1483 quod
980 1335 1047 1461 lico

126 1485 240 1568 virgae
259 1503 373 1547 sonum
389 1483 536 1566 ignotum
550 1481 722 1566 penatibus
741 1482 808 1544 suis
830 1489 1027 1566 expaverat,

101 1585 200 1632 4rore
220 1566 298 1628 satis
315 1564 492 1629 insolenter
507 1565 624 1646 inrisa,
649 1565 801 1629 iniuriam
817 1584 883 1628 non
900 1563 986 1628 tulit.
1022 1566 1047 1629 it

126 1657 264 1712 nanctus
287 1647 488 1712 tribunatum
510 1647 669 1713 honorum
687 1657 718 1711 et
734 1647 984 1732 magistratuum
1000 1667 1047 1713 co:

127 1734 209 1796 tium
246 1732 373 1794 uamvis
383 1732 485 1795 invito
498 1733 625 1796 senatui
639 1733 786 1795 extorsit.

245 1835 335 1878 erum
345 1813 380 1876 in
394 1815 475 1899 ipsis
483 1814 697 1879 seditionibus
708 1815 887 1900 principem
897 1813 1047 1900 populun

127 1897 277 1963 inmerito
300 1899 497 1982 suspexeris.
535 1899 563 1962 si
581 1898 713 1983 quidem
729 1919 816 1962 nunc
829 1897 1032 1979 libertatem,

127 1981 332 2068 pudicitiam,
343 1990 413 2046 tum
423 1981 580 2047 natalium
595 1981 800 2081 dignitatem,
817 1989 887 2046 tum
902 1980 1047 2045 honorun

129 2086 204 2131 cora
218 2074 250 2130 et
267 2066 410 2150 insignia
420 2066 615 2147 vindicavit,
636 2075 785 2151 mterque
799 2064 879 2128 haec
890 2067 1047 2129 omniunt

102 2150 236 2216 sacrior
252 2158 362 2214 custos
381 2172 477 2236 quam
493 2148 652 2214 libertatis
670 2149 748 2230 fuit,
766 2148 921 2246 nullaque
937 2149 973 2211 in
991 2169 1047 2234 pre

87 2274 89 2279 ι
129 2236 199 2298 eius
217 2235 322 2318 potuit
340 2233 513 2318 largitione
530 2234 708 2317 corrumpi,
727 2254 799 2296 cum
815 2240 852 2296 ut
869 2253 904 2294 ιιι
919 2253 1039 2316 magno

131 2316 200 2381 dies
219 2319 341 2380 maiore
357 2317 477 2400 populo
494 2317 624 2381 interim
640 2316 815 2401 perniciosi
831 2315 921 2379 cives
940 2315 1047 2378 existe

104 2398 282 2462 'JGassium
291 2400 420 2482 agraria
429 2399 517 2484 lege,
534 2399 690 2464 Maelium
700 2399 872 2483 largitione
885 2407 1047 2483 suspectu]

128 2483 202 2565 giae
219 2481 447 2545 dominationis
465 2485 628 2566 praesenti
639 2491 742 2547 morte
759 2481 919 2546 multavit.
942 2501 981 2544 ac
998 2481 1039 2545 de

127 2564 177 2628 rio
188 2564 320 2647 quidem
331 2564 527 2662 supplicium
537 2575 629 2664 pater
645 2567 657 2629 i
682 2567 749 2629 sius
762 2564 914 2651 sumpsit,
931 2563 1047 2628 huno(

130 2647 186 2709 otii
204 2645 372 2712 dictatoris
388 2649 525 2731 rmperio
543 2670 579 2712 ιιι
594 2588 701 2713 medio
725 2649 796 2713 foro
814 2649 970 2733 magister
988 2670 1047 2746 equ

104 2727 290 2794 sServilius
309 2728 417 2793 Ahala
432 2731 600 2816 confodit..
620 2731 779 2796 Manlium
795 2753 874 2797 vero
888 2729 1042 2816 Oapitohi

130 2812 248 2893 dicem,
277 2815 354 2898 quia
368 2811 541 2900 plerosque
565 2815 747 2880 debitorum
768 2815 965 2880 liberaverat
982 2813 1047 2878 altir

128 2895 294 3042 incivillius
317 2918 352 2961 se
374 2897 575 2980 efferentem,
598 2897 640 2962 ab
658 2899 715 2963 illa
736 2900 809 2985 ipsa
826 2920 923 2984 quam
941 2897 1047 2962 defen<

129 2998 204 3040 arce
239 2981 342 3043 e1ecit.

103 3075 121 3127 9
214 3060 305 3126 Talis
316 3063 404 3127 domi
417 3085 456 3128 ac
466 3064 547 3130 foris
555 3113 564 3147 ,
575 3064 651 3128 talis
663 3086 744 3150 pace
758 3065 911 3151 belloque
921 3063 1044 3148 populu

129 3165 244 3208 manus
259 3145 379 3209 fretum
393 3147 475 3211 illud
493 3148 747 3230 adulescentiae,
766 3149 801 3213 id
821 3157 871 3213 est
888 3146 1047 3212 sccundan

130 3229 213 3375 perii
224 3235 362 3298 aetatem
370 3230 492 3312 habuit,
509 3233 544 3294 in
555 3252 619 3317 qua
630 3240 728 3288 totam
741 3234 825 3296 inter
836 3231 939 3317 Alpes
948 3230 1047 3295 fretur

150 3311 260 3376 taliam
273 3315 371 3377 armis
384 3314 523 3400 subegit.
