2266 3832
443 207 675 296 11,e[111,21].
1022 216 1062 277 75

52 397 120 464 pro
144 374 253 440 nefas!
270 412 314 425 —
332 384 364 439 et
387 374 552 459 ergastula
568 384 748 457 armantur,
771 384 803 439 et
821 375 918 441 facile
936 379 1063 441 invenit

55 459 240 525 exercitum
274 458 458 545 imperator.
498 459 608 545 itaque
641 459 676 522 vi
707 460 847 544 patriam
878 480 1062 544 reposcens,
1072 470 1107 520 12

54 542 147 607 unde
169 543 204 605 vi
231 540 339 605 fuerat
364 540 536 627 expulsus,
564 549 690 626 poterat
723 542 830 606 videri
857 542 928 606 iure
955 564 1062 627 agere,

55 626 126 690 nisi
145 644 279 689 causam
301 645 394 688 suam
415 625 552 688 saevitia
573 633 803 709 corrumperet.
827 624 886 688 sed
912 646 986 690 cum
1012 626 1062 691 dis

20 706 245 773 sbominibus
268 728 310 771 ue
337 706 478 770 infestus
504 707 641 788 rediret,
670 709 780 771 statim
806 708 912 792 primo
940 710 1064 807 impetu

54 791 161 856 cliens
182 798 215 856 et
267 810 366 854 umna
388 789 479 854 urbis
498 790 592 854 Ostia
607 790 751 854 nefanda
769 800 879 875 strage
902 791 1062 876 diripitur.

54 894 138 940 mox
158 874 194 936 in
215 872 330 938 urbem
378 872 561 958 uadruplici
584 875 713 957 agmine
735 874 884 937 intratur.
921 874 1103 945 divisorem

56 958 170 1042 copies
203 955 325 1038 Cinna,
388 956 491 1038 arius,
522 954 645 1038 Oarbo,
683 955 855 1022 Sertorius.
888 956 942 1022 hic
976 966 1063 1043 post-

57 1060 158 1139 quam
176 1060 293 1103 manus
315 1039 420 1105 omnis
441 1039 559 1104 Octavi
580 1039 716 1124 depulsa
738 1039 884 1105 Ianiculo
907 1050 972 1122 est,
999 1050 1062 1104 sta-

23 1132 120 1189 rotrm
136 1123 180 1187 ad
196 1123 380 1209 principum
397 1122 530 1187 caedem
548 1123 642 1206 signo
659 1123 734 1189 dato
753 1123 920 1208 aliquanto
932 1126 1062 1188 saevius

57 1226 157 1293 quam
182 1206 236 1270 vel
265 1206 300 1269 in
322 1204 448 1270 Punica
481 1205 563 1270 urbe
591 1208 745 1271 saevitur.
778 1206 896 1271 Octavi
920 1207 1103 1272 consulistt

55 1297 156 1376 caput
182 1310 242 1375 pro
274 1291 389 1353 rostris
424 1310 442 1352 e
490 1290 614 1370 onitur,
647 1290 785 1353 Antonii
818 1289 999 1354 consularis
1027 1291 1064 1353 in

55 1372 144 1437 Mari
163 1373 268 1458 ipsius
291 1373 421 1435 mensis.
474 1393 602 1436 aesares
625 1394 645 1436 a
666 1370 813 1436 Fimbria
835 1375 869 1436 in
889 1373 1061 1457 penatibus

57 1456 213 1521 domuum
248 1476 379 1519 suarum
405 1455 623 1536 trucidantur,
653 1454 764 1520 Crassi
788 1464 882 1539 pater
914 1465 946 1520 et
974 1455 1060 1518 filius

24 1540 94 1603 rein
113 1547 225 1604 mutuo
243 1538 327 1602 alter
349 1538 481 1602 alterius
507 1548 651 1624 aspectu.
684 1538 842 1602 Baebium
867 1549 964 1625 atque
994 1538 1060 1602 Nu·

55 1623 222 1687 niitorium
243 1642 302 1707 per
322 1620 465 1685 medium
484 1621 592 1686 forum
611 1623 688 1686 unci
705 1629 835 1686 traxere
861 1621 1059 1687 carnificum.

56 1703 196 1771 Catulus
232 1726 267 1768 se
299 1705 385 1787 ignis
416 1702 533 1768 haustu
574 1704 716 1770 ludibrio
748 1704 889 1771 hostium
928 1706 1058 1769 exemit.
1072 1714 1103 1764 15

54 1787 186 1853 Merula
202 1787 320 1852 flamen
340 1786 448 1851 Dialis
471 1788 506 1850 in
526 1787 687 1871 Capitolio
708 1787 797 1852 Iovis
819 1790 922 1874 ipsius
946 1788 1056 1853 oculos
1069 1796 1102 1847 16

55 1892 217 1937 venarum
233 1891 348 1935 cruore
366 1872 532 1955 respersit.
552 1870 737 1935 Ancharius
754 1873 825 1956 ipso
847 1873 979 1936 vidente
993 1871 1062 1936 Ma-

22 1956 109 2021 ario
130 1954 301 2019 confossus
324 1962 388 2035 est,
412 1955 488 2039 quia
510 1955 643 2019 fatalem
667 1954 757 2018 illam
780 1955 904 2019 scilicet
930 1975 1061 2019 manum

56 2060 124 2103 non
149 2046 340 2123 porrexerat
364 2036 527 2101 salutanti.
553 2037 633 2102 haec
654 2047 702 2102 tot
728 2048 858 2101 senatus
880 2037 996 2101 funera
1011 2038 1059 2101 in-
1071 2047 1103 2096 17

55 2132 110 2187 trs
125 2120 285 2186 kalendas
303 2130 335 2184 et
353 2120 426 2184 idus
444 2119 588 2185 Ianuarii
605 2122 724 2185 mensis
743 2123 880 2204 septima
889 2120 948 2184 illa
961 2120 1060 2184 Marii

56 2203 325 2352 purpuraldedit,
349 2203 428 2289 quid
449 2203 594 2269 futurum
615 2205 692 2286 fuit,
717 2205 744 2267 si
771 2225 892 2267 annum
913 2203 1059 2269 consula-

56 2298 112 2353 tus
134 2289 180 2352 im
215 2296 302 2352 esset

23 2388 51 2429 rs
145 2310 296 2457 Scipione
321 2370 539 2457 Norbanoque
558 2372 745 2436 consulibus
762 2372 877 2436 tertius
899 2369 1061 2434 illeturbo
1076 2386 1107 2439 18

58 2454 167 2521 civilis
188 2454 335 2519 insaniae
355 2462 423 2521 toto
444 2455 554 2519 furore
577 2456 737 2537 detonuit,
761 2457 880 2541 quippe
894 2476 968 2519 cum
984 2453 1061 2516 hinc

58 2546 134 2605 octo
155 2537 316 2623 legiones,
345 2539 541 2623 quingentae
569 2539 717 2605 cohortes
745 2547 868 2602 starent
891 2539 926 2601 in
951 2537 1059 2618 armis,

57 2622 137 2687 inde
159 2622 202 2685 ab
222 2622 304 2685 Asia
326 2643 400 2685 cum
429 2622 554 2687 victore
576 2623 721 2687 exercitu
742 2621 833 2688 Sulla
860 2628 1057 2707 properaret.

58 2713 93 2771 et
119 2726 198 2769 sane
226 2727 299 2768 cum
322 2714 389 2768 tam
416 2704 511 2770 ferox
538 2708 573 2769 in
600 2705 750 2770 Sullanos
775 2705 899 2769 Marius
931 2705 1056 2783 fuisset,
1066 2708 1098 2759 19

25 2798 181 2875 coquanta
204 2789 341 2853 saevitia
362 2809 442 2873 opus
468 2798 551 2871 erat,
574 2797 611 2853 ut
633 2788 724 2853 Sulla
753 2790 793 2853 de
821 2787 926 2852 Mario
954 2786 1059 2850 vindi·

58 2871 211 2937 caretur?
224 2873 364 2958 primum
375 2881 453 2957 aput
461 2871 606 2958 Capuam
617 2872 677 2937 sub
689 2894 783 2937 amne
794 2872 955 2937 Vulturno
966 2872 1060 2956 signa

58 2965 269 3036 concurrunt,
292 2964 324 3018 et
346 2957 454 3019 statim
476 2955 623 3021 Norbani
642 2957 733 3020 fusus
752 2957 926 3037 exercitus,
950 2955 1060 3019 statim

60 3036 222 3125 Scipionis
249 3039 362 3124 copiae
384 3048 544 3104 ostentata
564 3062 621 3125 spe
655 3040 744 3125 pacis
776 3060 960 3125 oppressae.
990 3048 1059 3101 tum
1068 3052 1102 3102 20

58 3122 185 3187 Marius
215 3123 343 3188 iuvenis
377 3132 410 3186 et
444 3121 551 3189 Carbo
578 3122 728 3188 consules
766 3124 858 3210 quasi
890 3124 1060 3209 desperata

29 3207 214 3289 aucune,
245 3227 286 3269 ne
314 3204 409 3269 inulti
438 3209 594 3292 perirent,
614 3209 649 3271 in
671 3216 874 3272 antecessum
902 3205 1060 3287 sanguine

60 3298 192 3355 senatus
204 3290 267 3355 sibi
278 3288 501 3376 parentabant,
516 3291 712 3377 obsessaque
725 3293 814 3355 curia
828 3291 875 3353 sic
891 3290 931 3354 de
945 3295 1047 3351 senati

82 3376 155 3439 uari
182 3374 223 3439 de
253 3394 382 3438 carcere
416 3375 472 3458 qui
505 3375 728 3458 iugularentur
755 3373 872 3438 educti.
903 3379 1091 3455 quantumz·

121 3480 214 3523 “um
237 3459 273 3522 in
296 3457 384 3524 foro.
410 3457 444 3520 in
471 3458 573 3528 circo,
606 3459 641 3521 in
666 3454 886 3536 penetralibus
911 3451 1055 3526 templis*
