2266 3832
352 187 402 271 11,
420 191 543 252 21-26
558 188 638 276 [1111,
654 193 702 253 11.
719 190 779 277 12].
1031 199 1072 258 99

53 356 168 438 tibus,
191 356 357 421 cunctanti
384 354 426 419 ad
445 357 616 419 ascensum
642 356 739 420 militi
762 365 889 422 scutum
910 358 951 422 de
973 380 1072 424 manu

55 440 173 525 rapuit
193 448 226 503 et
247 440 335 503 viam
354 439 478 524 primus
500 440 668 524 ingressus
692 449 751 504 est.
779 449 848 504 tum
869 444 999 526 agmine
1021 465 1070 507 se-

59 532 139 587 cuto
161 544 235 587 cum
257 523 411 588 subrutus
433 522 640 587 multitudine
661 544 743 610 pona
765 525 973 607 succidisset,
998 549 1069 590 sau-

59 608 135 671 eius
155 605 306 670 manibus
329 614 362 671 et
378 605 543 688 cruribus,
566 607 743 692 speciosior
768 629 826 672 san
873 610 926 672 ine
949 619 980 673 et
997 612 1068 696 ipso

31 689 208 777 spericqu
230 690 399 775 augustior
418 697 511 775 terga
529 689 671 755 hostium
691 630 878 777 percecidl.

214 840 366 905 XXIIII.
402 842 589 907 BELLVM
610 842 921 908 PANNONICVM.

146 963 308 1028 Pannonii
328 962 454 1028 duobus
476 964 606 1029 acribus
627 963 754 1047 fluviis,
784 964 898 1031 Dravo
919 965 1095 1053 Savoquess

58 1046 235 1111 vallantur.
257 1046 405 1132 populati
442 1050 586 1113 roximos
603 1049 690 1111 intra
705 1049 793 1134 ripas
809 1070 844 1113 se
856 1050 1067 1137 recipiebant.

60 1132 98 1194 in
119 1130 179 1196 hos
201 1130 380 1195 domandos
400 1069 557 1195 *drinium
578 1132 676 1195 misit.
699 1133 788 1196 caesi
809 1141 884 1196 sunt
911 1135 946 1196 in
973 1135 1069 1197 utris-

20 1231 50 1274 lc
60 1234 127 1301 que
144 1212 343 1279 fluminibus.
368 1234 458 1279 arma
478 1217 638 1279 victorum
654 1236 721 1280 non
738 1237 781 1279 ex
797 1237 887 1281 more
902 1216 983 1281 belli
1001 1221 1094 1281 cre-9

59 1306 167 1379 mata,
190 1306 240 1362 set
258 1307 354 1385 capta
375 1307 451 1362 sunt
471 1308 503 1362 et
520 1300 555 1362 in
568 1298 790 1447 profluentem
812 1300 903 1380 data,
929 1310 965 1364 ut
988 1299 1068 1364 Cae·

60 1381 147 1446 saris
168 1401 287 1445 nomen
305 1382 353 1446 eis
375 1383 432 1467 qui
452 1383 568 1447 resiste
592 1390 649 1445 ant
668 1383 715 1445 sic
736 1384 950 1447 nuntiaretur.

227 1532 338 1599 XXV.
371 1533 557 1598 BELLVM
582 1533 897 1600 DELMATIOVM.

144 1666 316 1731 Delmatae
335 1666 526 1766 plerumque
547 1668 608 1732 sub
630 1667 732 1766 silvis.
745 1666 903 1753 agebant,
924 1668 1011 1732 unde
1030 1669 1065 1731 in
1077 1676 1110 1728 10

22 1772 50 1816 u
59 1752 235 1817 latrocinia
252 1760 497 1837 promptrsnmr.
520 1752 580 1816 hos
601 1754 666 1815 iam
667 1751 810 1900 dpr1‹lem
828 1751 972 1817 Marcius
993 1762 1108 1816 con-11

59 1834 113 1901 sul
130 1836 265 1899 incensa
281 1834 363 1898 urbe
380 1833 546 1900 Delminio
556 1837 650 1920 quasi
690 1843 931 1918 etnmcaverat,
953 1844 1067 1920 postea

56 1918 195 1983 Asinius
217 1918 323 1983 Pollio
341 1918 514 2003 gregibus,
537 1920 650 2000 armis,
674 1921 763 2003 agris
784 1918 994 1999 multaverat,
1013 1918 1066 1981 hic

58 2002 223 2067 secundus
253 2011 377 2084 orator3
407 2002 465 2067 sed
491 2003 660 2086 Augustus
692 2001 930 2087 perdomandos
964 2002 1062 2065 Vibio

56 2084 209 2167 mandat,
232 2087 288 2172 qui
310 2085 444 2151 efferum
474 2107 577 2170 genus
604 2085 717 2150 fodere
744 2094 847 2149 terras
876 2085 983 2169 coegit
1011 2086 1111 2148 au-12

22 2190 50 2233 so
155 2170 310 2235 novenis
331 2190 524 2255 repurgare3
548 2168 635 2317 ‹gulod
654 2168 799 2255 alioquin
820 2190 900 2253 gens
923 2169 1066 2232 omnium

58 2252 137 2340 cupi
161 2253 273 2319 'ssima
294 2274 331 2318 eo
353 2251 471 2334 studi0,
494 2275 533 2316 ea
578 2253 725 2337 'igentia
746 2253 904 2338 anquirit,
923 2261 960 2315 ut
982 2249 1065 2315 illud

58 2337 94 2400 in
114 2358 194 2401 usus
218 2358 292 2400 suos
314 2357 427 2400 eruere
448 2335 632 2401 videantm.

258 2454 388 2550 xxvr.
410 2486 596 2551 nnsnvn
615 2486 862 2553 nonsmvn.

142 2619 247 2689 Moesi
268 2643 365 2707 quam
385 2621 462 2704 feri,
485 2642 581 2707 quam
605 2630 713 2687 truces
735 2620 870 2702 luerint,
899 2641 995 2719 quam
1014 2621 1061 2708 ip·
1074 2621 1104 2672 13

23 2726 171 2777 saeorum
190 2705 288 2768 etiam
308 2704 441 2769 barbari
466 2704 680 2769 barbarorum
706 2702 862 2769 horribile
889 2703 978 2768 dictu
1004 2716 1063 2769 est.

56 2810 144 2855 unus
167 2786 285 2852 ducum
312 2796 388 2853 ante
417 2788 521 2853 aciem
548 2787 710 2875 postulato
745 2786 873 2851 silentio
903 2787 972 2873 ‘qui
1005 2810 1063 2853 vos
1076 2794 1107 2844 14

57 2870 176 2939 estist’
208 2872 323 2957 inquit.
353 2893 545 2959 responsum
571 2873 711 2936 invicem
740 2870 890 2935 ‘Romani
918 2873 1064 2954 gentium

57 2954 206 3021 dominia
224 2963 256 3019 et
275 2954 332 3019 ille
351 2957 420 3019 ‘ita'
436 2956 542 3043 inquit
556 2955 641 3038 ‘fiet,
663 2957 691 3018 si
705 2977 765 3029 nos
780 2955 951 3018 viceritis!
973 2977 1062 3020 acce·
1074 2964 1108 3014 15

82 3040 108 3105 't
120 3060 216 3103 omen
226 3037 358 3103 Marcus
373 3038 523 3104 Crassus.
546 3039 596 3103 illi
616 3039 725 3104 statim
743 3046 819 3102 ante
840 3039 943 3101 aciem
962 3041 1063 3103 inmo-

25 3146 51 3191 ta
90 3130 126 3187 to
148 3142 231 3208 equo
254 3142 431 3208 concepere
452 3132 578 3206 votnm,
598 3133 635 3187 ut
651 3143 819 3187 caesorum
839 3123 922 3185 extis
945 3123 1062 3186 ducum

58 3214 92 3271 et
125 3205 259 3271 litarent
286 3215 318 3271 et
344 3216 565 3271 vescerentur.
595 3207 674 3271 deos
696 3207 826 3271 audisse
849 3205 1058 3269 crediderim:
1072 3221 1105 3271 lc

57 3310 121 3355 nec
140 3288 238 3355 tubas
260 3291 419 3355 sustinere
440 3299 624 3376 potuerunt.
655 3312 721 3354 non
740 3290 909 3352 minimum
926 3291 1060 3352 terroris

57 3373 198 3439 incussit
222 3372 372 3439 barbaris
406 3373 573 3440 Comidius
603 3374 748 3437 centurio
783 3373 860 3435 satis
893 3371 1062 3454 barbarae,

59 3454 205 3521 efficacis
225 3466 332 3522 tamen
356 3467 435 3532 aput-
453 3457 536 3520 tales
554 3456 699 3520 homines
730 3455 922 3529 stoliditatis,
945 3457 997 3536 qni
1015 3457 1054 3519 fo·
