<?xml version="1.0" encoding="UTF-8"?>
<!DOCTYPE html PUBLIC "-//W3C//DTD XHTML 1.0 Transitional//EN"
    "http://www.w3.org/TR/xhtml1/DTD/xhtml1-transitional.dtd">
<html xmlns="http://www.w3.org/1999/xhtml" xml:lang="en" lang="en">
 <head>
  <title>
</title>
<meta http-equiv="Content-Type" content="text/html;charset=utf-8" />
  <meta name='ocr-system' content='tesseract 3.04.00' />
  <meta name='ocr-capabilities' content='ocr_page ocr_carea ocr_par ocr_line ocrx_word'/>
</head>
<body>
  <div class='ocr_page' id='page_1' title='image "./eutropiibreviar01crugoog_0137.png"; bbox 0 0 2266 3832; ppageno 0'>
   <div class='ocr_carea' id='block_1_1' title="bbox 74 174 717 234">
    <p class='ocr_par' dir='ltr' id='par_1_1' title="bbox 74 174 717 234">
     <span class='ocr_line' id='line_1_1' title="bbox 74 174 717 234; baseline -0.002 0"><span class='ocrx_word' id='word_1_1' title='bbox 74 174 114 234; x_wconf 81' lang='lat'>24</span> <span class='ocrx_word' id='word_1_2' title='bbox 429 184 533 234; x_wconf 78' lang='lat' dir='ltr'>raom</span> <span class='ocrx_word' id='word_1_3' title='bbox 550 184 717 234; x_wconf 72' lang='lat' dir='ltr'>serron.</span> 
     </span>
    </p>
   </div>
   <div class='ocr_carea' id='block_1_2' title="bbox 74 336 1079 482">
    <p class='ocr_par' dir='ltr' id='par_1_2' title="bbox 74 336 1079 482">
     <span class='ocr_line' id='line_1_2' title="bbox 74 336 1079 482; baseline 0.009 -85"><span class='ocrx_word' id='word_1_4' title='bbox 74 338 230 400; x_wconf 89' lang='lat' dir='ltr'>victoriae</span> <span class='ocrx_word' id='word_1_5' title='bbox 245 336 425 482; x_wconf 73' lang='lat' dir='ltr'>auspicium</span> <span class='ocrx_word' id='word_1_6' title='bbox 441 336 513 400; x_wconf 82' lang='lat' dir='ltr'>fuit.</span> <span class='ocrx_word' id='word_1_7' title='bbox 541 337 627 400; x_wconf 87' lang='lat' dir='ltr'>intra</span> <span class='ocrx_word' id='word_1_8' title='bbox 639 337 724 400; x_wconf 89' lang='lat' dir='ltr'>enim</span> <span class='ocrx_word' id='word_1_9' title='bbox 737 337 980 420; x_wconf 84' lang='lat' dir='ltr'>sexagesimum</span> <span class='ocrx_word' id='word_1_10' title='bbox 994 338 1079 406; x_wconf 88' lang='lat' dir='ltr'>diem</span> 
     </span>
    </p>
   </div>
   <div class='ocr_carea' id='block_1_3' title="bbox 27 418 1130 3503">
    <p class='ocr_par' dir='ltr' id='par_1_3' title="bbox 27 418 1130 3503">
     <span class='ocr_line' id='line_1_3' title="bbox 75 418 1078 507; baseline 0.005 -24"><span class='ocrx_word' id='word_1_11' title='bbox 75 439 172 507; x_wconf 90' lang='lat' dir='ltr'>quam</span> <span class='ocrx_word' id='word_1_12' title='bbox 183 438 312 483; x_wconf 84' lang='lat' dir='ltr'>caesasr</span> <span class='ocrx_word' id='word_1_13' title='bbox 325 440 368 481; x_wconf 88' lang='lat' dir='ltr'>va</span> <span class='ocrx_word' id='word_1_14' title='bbox 378 418 485 483; x_wconf 84' lang='lat' dir='ltr'>fuerat</span> <span class='ocrx_word' id='word_1_15' title='bbox 495 427 624 484; x_wconf 91' lang='lat' dir='ltr'>centum</span> <span class='ocrx_word' id='word_1_16' title='bbox 636 419 806 504; x_wconf 81' lang='lat' dir='ltr'>sexaginta</span> <span class='ocrx_word' id='word_1_17' title='bbox 816 421 952 484; x_wconf 91' lang='lat' dir='ltr'>navium</span> <span class='ocrx_word' id='word_1_18' title='bbox 963 421 1078 489; x_wconf 86' lang='lat' dir='ltr'>classis</span> 
     </span>
     <span class='ocr_line' id='line_1_4' title="bbox 74 501 1078 589; baseline 0.004 -23"><span class='ocrx_word' id='word_1_19' title='bbox 74 505 110 567; x_wconf 90' lang='lat' dir='ltr'>in</span> <span class='ocrx_word' id='word_1_20' title='bbox 129 502 278 566; x_wconf 86' lang='lat' dir='ltr'>anchoris</span> <span class='ocrx_word' id='word_1_21' title='bbox 297 503 401 584; x_wconf 89' lang='lat' dir='ltr'>stetit,</span> <span class='ocrx_word' id='word_1_22' title='bbox 421 511 540 567; x_wconf 90' lang='lat' dir='ltr'>utnon</span> <span class='ocrx_word' id='word_1_23' title='bbox 556 511 625 566; x_wconf 90' lang='lat' dir='ltr'>arte</span> <span class='ocrx_word' id='word_1_24' title='bbox 642 501 763 583; x_wconf 87' lang='lat' dir='ltr'>sactae,</span> <span class='ocrx_word' id='word_1_25' title='bbox 786 502 846 567; x_wconf 90' lang='lat' dir='ltr'>sed</span> <span class='ocrx_word' id='word_1_26' title='bbox 856 504 1001 589; x_wconf 90' lang='lat' dir='ltr'>quodam</span> <span class='ocrx_word' id='word_1_27' title='bbox 1011 527 1078 571; x_wconf 90' lang='lat' dir='ltr'>mu·</span> 
     </span>
     <span class='ocr_line' id='line_1_5' title="bbox 73 584 1130 671; baseline 0.005 -22"><span class='ocrx_word' id='word_1_28' title='bbox 73 608 151 650; x_wconf 92' lang='lat' dir='ltr'>nere</span> <span class='ocrx_word' id='word_1_29' title='bbox 169 585 303 649; x_wconf 91' lang='lat' dir='ltr'>deorum</span> <span class='ocrx_word' id='word_1_30' title='bbox 321 605 497 649; x_wconf 89' lang='lat' dir='ltr'>conversae</span> <span class='ocrx_word' id='word_1_31' title='bbox 515 587 549 648; x_wconf 93' lang='lat' dir='ltr'>in</span> <span class='ocrx_word' id='word_1_32' title='bbox 566 606 668 649; x_wconf 90' lang='lat' dir='ltr'>naves</span> <span class='ocrx_word' id='word_1_33' title='bbox 692 584 799 671; x_wconf 89' lang='lat' dir='ltr'>adque</span> <span class='ocrx_word' id='word_1_34' title='bbox 820 594 965 652; x_wconf 87' lang='lat' dir='ltr'>mutatae</span> <span class='ocrx_word' id='word_1_35' title='bbox 985 588 1077 654; x_wconf 79' lang='lat' dir='ltr'>arbo</span> <span class='ocrx_word' id='word_1_36' title='bbox 1127 654 1130 669; x_wconf 41' lang='grc' dir='ltr'>ι</span> 
     </span>
     <span class='ocr_line' id='line_1_6' title="bbox 47 666 1130 754; baseline 0.005 -21"><span class='ocrx_word' id='word_1_37' title='bbox 47 691 126 743; x_wconf 74' lang='lat' dir='ltr'>gres</span> <span class='ocrx_word' id='word_1_38' title='bbox 145 669 343 732; x_wconf 83' lang='lat' dir='ltr'>viderentur.</span> <span class='ocrx_word' id='word_1_39' title='bbox 370 667 487 754; x_wconf 91' lang='lat' dir='ltr'>proelii</span> <span class='ocrx_word' id='word_1_40' title='bbox 504 689 582 733; x_wconf 90' lang='lat' dir='ltr'>vero</span> <span class='ocrx_word' id='word_1_41' title='bbox 602 668 709 733; x_wconf 87' lang='lat' dir='ltr'>forma</span> <span class='ocrx_word' id='word_1_42' title='bbox 724 666 899 751; x_wconf 90' lang='lat' dir='ltr'>mirabilis,</span> <span class='ocrx_word' id='word_1_43' title='bbox 918 671 1099 738; x_wconf 69' lang='lat' dir='ltr'>cumillasr</span> <span class='ocrx_word' id='word_1_44' title='bbox 1127 674 1130 681; x_wconf 83' lang='grc'><strong>’</strong></span> 
     </span>
     <span class='ocr_line' id='line_1_7' title="bbox 74 750 1078 841; baseline 0.002 -25"><span class='ocrx_word' id='word_1_45' title='bbox 74 750 189 816; x_wconf 90' lang='lat' dir='ltr'>celeris</span> <span class='ocrx_word' id='word_1_46' title='bbox 207 750 414 837; x_wconf 87' lang='lat' dir='ltr'>volucrisque</span> <span class='ocrx_word' id='word_1_47' title='bbox 432 750 573 815; x_wconf 88' lang='lat' dir='ltr'>hostium</span> <span class='ocrx_word' id='word_1_48' title='bbox 589 753 683 816; x_wconf 87' lang='lat' dir='ltr'>navis</span> <span class='ocrx_word' id='word_1_49' title='bbox 694 751 756 816; x_wconf 92' lang='lat' dir='ltr'>hae</span> <span class='ocrx_word' id='word_1_50' title='bbox 767 772 886 837; x_wconf 81' lang='lat' dir='ltr'>graves</span> <span class='ocrx_word' id='word_1_51' title='bbox 898 754 1078 841; x_wconf 79' lang='lat' dir='ltr'><strong>tardaeque</strong></span> 
     </span>
     <span class='ocr_line' id='line_1_8' title="bbox 73 833 1078 924; baseline 0.003 -25"><span class='ocrx_word' id='word_1_52' title='bbox 73 833 381 919; x_wconf 79' lang='lat' dir='ltr'>conprehenderent.</span> <span class='ocrx_word' id='word_1_53' title='bbox 410 833 584 919; x_wconf 85' lang='lat' dir='ltr'>longeillis</span> <span class='ocrx_word' id='word_1_54' title='bbox 596 836 746 899; x_wconf 80' lang='lat' dir='ltr'>nauticae</span> <span class='ocrx_word' id='word_1_55' title='bbox 762 843 865 919; x_wconf 89' lang='lat' dir='ltr'>artes,</span> <span class='ocrx_word' id='word_1_56' title='bbox 884 836 1078 924; x_wconf 87' lang='lat' dir='ltr'>detorquere</span> 
     </span>
     <span class='ocr_line' id='line_1_9' title="bbox 47 916 1078 1015; baseline 0.004 -34"><span class='ocrx_word' id='word_1_57' title='bbox 47 938 178 998; x_wconf 72' lang='lat' dir='ltr'>premos</span> <span class='ocrx_word' id='word_1_58' title='bbox 192 926 224 980; x_wconf 89' lang='lat' dir='ltr'>et</span> <span class='ocrx_word' id='word_1_59' title='bbox 235 916 394 981; x_wconf 87' lang='lat' dir='ltr'>ludificari</span> <span class='ocrx_word' id='word_1_60' title='bbox 405 917 485 1015; x_wconf 77' lang='lat' dir='ltr'>fuga</span> <span class='ocrx_word' id='word_1_61' title='bbox 496 926 611 983; x_wconf 87' lang='lat' dir='ltr'>rostra.</span> <span class='ocrx_word' id='word_1_62' title='bbox 626 919 764 982; x_wconf 86' lang='lat' dir='ltr'>iniectae</span> <span class='ocrx_word' id='word_1_63' title='bbox 776 919 863 982; x_wconf 90' lang='lat' dir='ltr'>enim</span> <span class='ocrx_word' id='word_1_64' title='bbox 873 918 1001 985; x_wconf 85' lang='lat' dir='ltr'>ferreae</span> <span class='ocrx_word' id='word_1_65' title='bbox 1013 941 1078 985; x_wconf 85' lang='lat' dir='ltr'>ma·</span> 
     </span>
     <span class='ocr_line' id='line_1_10' title="bbox 72 999 1077 1086; baseline 0.002 -21"><span class='ocrx_word' id='word_1_66' title='bbox 72 1022 134 1065; x_wconf 91' lang='lat' dir='ltr'>nus</span> <span class='ocrx_word' id='word_1_67' title='bbox 145 1000 378 1086; x_wconf 81' lang='lat' dir='ltr'>machinaeque</span> <span class='ocrx_word' id='word_1_68' title='bbox 389 999 534 1083; x_wconf 89' lang='lat' dir='ltr'>vahdae,</span> <span class='ocrx_word' id='word_1_69' title='bbox 555 1010 629 1065; x_wconf 87' lang='lat' dir='ltr'>ante</span> <span class='ocrx_word' id='word_1_70' title='bbox 641 1009 804 1066; x_wconf 89' lang='lat' dir='ltr'>certamen</span> <span class='ocrx_word' id='word_1_71' title='bbox 813 1000 953 1066; x_wconf 88' lang='lat' dir='ltr'>multum</span> <span class='ocrx_word' id='word_1_72' title='bbox 967 1000 1011 1067; x_wconf 89' lang='lat' dir='ltr'>ab</span> <span class='ocrx_word' id='word_1_73' title='bbox 1022 1002 1077 1068; x_wconf 92' lang='lat' dir='ltr'>ho·</span> 
     </span>
     <span class='ocr_line' id='line_1_11' title="bbox 73 1082 1108 1170; baseline -0.002 -21"><span class='ocrx_word' id='word_1_74' title='bbox 73 1094 121 1149; x_wconf 94' lang='lat' dir='ltr'>ste</span> <span class='ocrx_word' id='word_1_75' title='bbox 141 1084 283 1166; x_wconf 89' lang='lat' dir='ltr'>derisae,</span> <span class='ocrx_word' id='word_1_76' title='bbox 302 1083 469 1170; x_wconf 89' lang='lat' dir='ltr'>coactique</span> <span class='ocrx_word' id='word_1_77' title='bbox 486 1083 595 1149; x_wconf 85' lang='lat' dir='ltr'>hostes</span> <span class='ocrx_word' id='word_1_78' title='bbox 609 1085 702 1170; x_wconf 91' lang='lat' dir='ltr'>quasi</span> <span class='ocrx_word' id='word_1_79' title='bbox 718 1086 753 1148; x_wconf 90' lang='lat' dir='ltr'>in</span> <span class='ocrx_word' id='word_1_80' title='bbox 772 1082 876 1150; x_wconf 91' lang='lat' dir='ltr'>solido</span> <span class='ocrx_word' id='word_1_81' title='bbox 888 1084 1108 1151; x_wconf 75' lang='lat' dir='ltr'>decernerem</span> 
     </span>
     <span class='ocr_line' id='line_1_12' title="bbox 75 1154 1078 1253; baseline 0 -20"><span class='ocrx_word' id='word_1_82' title='bbox 75 1170 177 1234; x_wconf 85' lang='lat' dir='ltr'>victor</span> <span class='ocrx_word' id='word_1_83' title='bbox 189 1188 266 1252; x_wconf 87' lang='lat' dir='ltr'>ergo</span> <span class='ocrx_word' id='word_1_84' title='bbox 276 1165 498 1253; x_wconf 76' lang='lat' dir='ltr'>aputLipara&#39;s</span> <span class='ocrx_word' id='word_1_85' title='bbox 509 1188 616 1232; x_wconf 89' lang='lat' dir='ltr'>mersa</span> <span class='ocrx_word' id='word_1_86' title='bbox 627 1175 684 1231; x_wconf 92' lang='lat' dir='ltr'>aut</span> <span class='ocrx_word' id='word_1_87' title='bbox 696 1165 961 1252; x_wconf 85' lang='lat' dir='ltr'>fugatahostium</span> <span class='ocrx_word' id='word_1_88' title='bbox 972 1154 1078 1233; x_wconf 71' lang='lat' dir='ltr'>classe</span> 
     </span>
     <span class='ocr_line' id='line_1_13' title="bbox 30 1250 1079 1339; baseline 0.003 -25"><span class='ocrx_word' id='word_1_89' title='bbox 30 1252 213 1339; x_wconf 85' lang='lat' dir='ltr'>10primum</span> <span class='ocrx_word' id='word_1_90' title='bbox 234 1251 328 1315; x_wconf 93' lang='lat' dir='ltr'>illum</span> <span class='ocrx_word' id='word_1_91' title='bbox 346 1252 543 1314; x_wconf 91' lang='lat' dir='ltr'>maritimum</span> <span class='ocrx_word' id='word_1_92' title='bbox 562 1251 629 1335; x_wconf 86' lang='lat' dir='ltr'>egit</span> <span class='ocrx_word' id='word_1_93' title='bbox 644 1250 853 1336; x_wconf 85' lang='lat' dir='ltr'>triumphum.</span> <span class='ocrx_word' id='word_1_94' title='bbox 884 1252 977 1315; x_wconf 89' lang='lat' dir='ltr'>cuius</span> <span class='ocrx_word' id='word_1_95' title='bbox 989 1252 1079 1338; x_wconf 92' lang='lat' dir='ltr'>quod</span> 
     </span>
     <span class='ocr_line' id='line_1_14' title="bbox 72 1331 1077 1421; baseline 0 -23"><span class='ocrx_word' id='word_1_96' title='bbox 72 1335 228 1421; x_wconf 84' lang='lat' dir='ltr'>gaudium</span> <span class='ocrx_word' id='word_1_97' title='bbox 248 1334 326 1400; x_wconf 83' lang='lat' dir='ltr'>fuit!</span> <span class='ocrx_word' id='word_1_98' title='bbox 350 1355 424 1398; x_wconf 93' lang='lat' dir='ltr'>cum</span> <span class='ocrx_word' id='word_1_99' title='bbox 440 1331 584 1398; x_wconf 84' lang='lat' dir='ltr'>Duillius</span> <span class='ocrx_word' id='word_1_100' title='bbox 606 1334 795 1418; x_wconf 90' lang='lat' dir='ltr'>imperator,</span> <span class='ocrx_word' id='word_1_101' title='bbox 818 1354 884 1398; x_wconf 90' lang='lat' dir='ltr'>non</span> <span class='ocrx_word' id='word_1_102' title='bbox 905 1341 1077 1399; x_wconf 90' lang='lat' dir='ltr'>contentus</span> 
     </span>
     <span class='ocr_line' id='line_1_15' title="bbox 71 1414 1077 1514; baseline 0 -32"><span class='ocrx_word' id='word_1_103' title='bbox 71 1420 168 1482; x_wconf 91' lang='lat' dir='ltr'>unius</span> <span class='ocrx_word' id='word_1_104' title='bbox 181 1418 247 1483; x_wconf 89' lang='lat' dir='ltr'>diei</span> <span class='ocrx_word' id='word_1_105' title='bbox 256 1416 434 1503; x_wconf 88' lang='lat' dir='ltr'>triumpho,</span> <span class='ocrx_word' id='word_1_106' title='bbox 451 1437 511 1514; x_wconf 89' lang='lat' dir='ltr'>per</span> <span class='ocrx_word' id='word_1_107' title='bbox 521 1418 623 1481; x_wconf 85' lang='lat' dir='ltr'>vitam</span> <span class='ocrx_word' id='word_1_108' title='bbox 638 1436 779 1500; x_wconf 91' lang='lat' dir='ltr'>omnem,</span> <span class='ocrx_word' id='word_1_109' title='bbox 794 1414 852 1482; x_wconf 91' lang='lat' dir='ltr'>ubi</span> <span class='ocrx_word' id='word_1_110' title='bbox 863 1437 885 1480; x_wconf 89' lang='lat' dir='ltr'>a</span> <span class='ocrx_word' id='word_1_111' title='bbox 900 1418 1077 1482; x_wconf 90' lang='lat' dir='ltr'>cenaredi-</span> 
     </span>
     <span class='ocr_line' id='line_1_16' title="bbox 71 1498 1109 1600; baseline -0.009 -33"><span class='ocrx_word' id='word_1_112' title='bbox 71 1510 132 1584; x_wconf 88' lang='lat' dir='ltr'>ret,</span> <span class='ocrx_word' id='word_1_113' title='bbox 153 1501 341 1600; x_wconf 81' lang='lat' dir='ltr'>praelucere</span> <span class='ocrx_word' id='word_1_114' title='bbox 359 1499 483 1564; x_wconf 84' lang='lat' dir='ltr'>funaha</span> <span class='ocrx_word' id='word_1_115' title='bbox 502 1508 533 1564; x_wconf 87' lang='lat' dir='ltr'>et</span> <span class='ocrx_word' id='word_1_116' title='bbox 551 1501 739 1586; x_wconf 90' lang='lat' dir='ltr'>praecinere</span> <span class='ocrx_word' id='word_1_117' title='bbox 763 1499 828 1566; x_wconf 86' lang='lat' dir='ltr'>sibi</span> <span class='ocrx_word' id='word_1_118' title='bbox 846 1498 946 1565; x_wconf 87' lang='lat' dir='ltr'>tibias</span> <span class='ocrx_word' id='word_1_119' title='bbox 967 1502 1076 1584; x_wconf 91' lang='lat' dir='ltr'>iussit,</span> <span class='ocrx_word' id='word_1_120' title='bbox 1084 1516 1109 1559; x_wconf 82' lang='lat' dir='ltr'>rs</span> 
     </span>
     <span class='ocr_line' id='line_1_17' title="bbox 29 1581 1078 1668; baseline -0.003 -16"><span class='ocrx_word' id='word_1_121' title='bbox 29 1603 61 1652; x_wconf 91' lang='lat'>11</span> <span class='ocrx_word' id='word_1_122' title='bbox 94 1606 166 1649; x_wconf 86' lang='lat' dir='ltr'>uasr</span> <span class='ocrx_word' id='word_1_123' title='bbox 178 1583 297 1648; x_wconf 91' lang='lat' dir='ltr'>cotidie</span> <span class='ocrx_word' id='word_1_124' title='bbox 307 1581 528 1668; x_wconf 88' lang='lat' dir='ltr'>triumpharet.</span> <span class='ocrx_word' id='word_1_125' title='bbox 556 1603 635 1668; x_wconf 87' lang='lat' dir='ltr'>prae</span> <span class='ocrx_word' id='word_1_126' title='bbox 643 1591 734 1646; x_wconf 90' lang='lat' dir='ltr'>tanta</span> <span class='ocrx_word' id='word_1_127' title='bbox 744 1583 841 1649; x_wconf 87' lang='lat' dir='ltr'>huius</span> <span class='ocrx_word' id='word_1_128' title='bbox 851 1583 991 1648; x_wconf 85' lang='lat' dir='ltr'>victoria</span> <span class='ocrx_word' id='word_1_129' title='bbox 1002 1583 1078 1649; x_wconf 85' lang='lat' dir='ltr'>leve</span> 
     </span>
     <span class='ocr_line' id='line_1_18' title="bbox 73 1608 1077 1753; baseline 0.001 -22"><span class='ocrx_word' id='word_1_130' title='bbox 73 1608 227 1732; x_wconf 75' lang='lat' dir='ltr'>damnum</span> <span class='ocrx_word' id='word_1_131' title='bbox 244 1665 307 1729; x_wconf 84' lang='lat' dir='ltr'>fuit</span> <span class='ocrx_word' id='word_1_132' title='bbox 323 1665 406 1730; x_wconf 90' lang='lat' dir='ltr'>alter</span> <span class='ocrx_word' id='word_1_133' title='bbox 424 1666 594 1729; x_wconf 90' lang='lat' dir='ltr'>consulum</span> <span class='ocrx_word' id='word_1_134' title='bbox 610 1667 809 1753; x_wconf 86' lang='lat' dir='ltr'>interceptus</span> <span class='ocrx_word' id='word_1_135' title='bbox 827 1667 933 1731; x_wconf 89' lang='lat' dir='ltr'>Asina</span> <span class='ocrx_word' id='word_1_136' title='bbox 954 1665 1077 1732; x_wconf 86' lang='lat' dir='ltr'>Come·</span> 
     </span>
     <span class='ocr_line' id='line_1_19' title="bbox 72 1747 1076 1836; baseline 0.001 -22"><span class='ocrx_word' id='word_1_137' title='bbox 72 1750 146 1833; x_wconf 90' lang='lat' dir='ltr'>lius,</span> <span class='ocrx_word' id='word_1_138' title='bbox 159 1751 214 1835; x_wconf 95' lang='lat' dir='ltr'>qui</span> <span class='ocrx_word' id='word_1_139' title='bbox 226 1748 374 1813; x_wconf 86' lang='lat' dir='ltr'>simulato</span> <span class='ocrx_word' id='word_1_140' title='bbox 387 1747 470 1814; x_wconf 92' lang='lat' dir='ltr'>collo</span> <span class='ocrx_word' id='word_1_141' title='bbox 493 1751 547 1813; x_wconf 92' lang='lat' dir='ltr'>uio</span> <span class='ocrx_word' id='word_1_142' title='bbox 560 1758 712 1813; x_wconf 86' lang='lat' dir='ltr'>evocatus</span> <span class='ocrx_word' id='word_1_143' title='bbox 724 1759 821 1836; x_wconf 89' lang='lat' dir='ltr'>atque</span> <span class='ocrx_word' id='word_1_144' title='bbox 831 1751 878 1814; x_wconf 94' lang='lat' dir='ltr'>ita</span> <span class='ocrx_word' id='word_1_145' title='bbox 889 1771 1076 1836; x_wconf 87' lang='lat' dir='ltr'>oppressus,</span> 
     </span>
     <span class='ocr_line' id='line_1_20' title="bbox 72 1771 703 1919; baseline 0 -23"><span class='ocrx_word' id='word_1_146' title='bbox 72 1834 135 1898; x_wconf 84' lang='lat' dir='ltr'>fuit</span> <span class='ocrx_word' id='word_1_147' title='bbox 144 1831 301 1919; x_wconf 90' lang='lat' dir='ltr'>perfidiae</span> <span class='ocrx_word' id='word_1_148' title='bbox 311 1830 455 1896; x_wconf 89' lang='lat' dir='ltr'>Punicae</span> <span class='ocrx_word' id='word_1_149' title='bbox 467 1771 703 1896; x_wconf 74' lang='lat' dir='ltr'>documentum.</span> 
     </span>
     <span class='ocr_line' id='line_1_21' title="bbox 30 1914 1109 2001; baseline 0.002 -21"><span class='ocrx_word' id='word_1_150' title='bbox 30 1923 64 1972; x_wconf 80' lang='lat'>12</span> <span class='ocrx_word' id='word_1_151' title='bbox 159 1914 307 1980; x_wconf 90' lang='lat' dir='ltr'>Calatino</span> <span class='ocrx_word' id='word_1_152' title='bbox 324 1914 480 1979; x_wconf 83' lang='lat' dir='ltr'>dictatore</span> <span class='ocrx_word' id='word_1_153' title='bbox 497 1915 567 1980; x_wconf 87' lang='lat' dir='ltr'>fere</span> <span class='ocrx_word' id='word_1_154' title='bbox 583 1917 691 1980; x_wconf 90' lang='lat' dir='ltr'>omnia</span> <span class='ocrx_word' id='word_1_155' title='bbox 706 1915 870 2001; x_wconf 89' lang='lat' dir='ltr'>praesidia</span> <span class='ocrx_word' id='word_1_156' title='bbox 888 1916 1109 1982; x_wconf 80' lang='lat' dir='ltr'>Poenorumso</span> 
     </span>
     <span class='ocr_line' id='line_1_22' title="bbox 72 1997 1076 2087; baseline 0.001 -23"><span class='ocrx_word' id='word_1_157' title='bbox 72 2001 269 2085; x_wconf 83' lang='lat' dir='ltr'>Agrigento,</span> <span class='ocrx_word' id='word_1_158' title='bbox 295 1997 473 2085; x_wconf 89' lang='lat' dir='ltr'>Drepanis,</span> <span class='ocrx_word' id='word_1_159' title='bbox 499 1998 699 2080; x_wconf 85' lang='lat' dir='ltr'>Panhormo,</span> <span class='ocrx_word' id='word_1_160' title='bbox 725 1998 833 2085; x_wconf 83' lang='lat' dir='ltr'>Eryce</span> <span class='ocrx_word' id='word_1_161' title='bbox 849 1998 1076 2087; x_wconf 84' lang='lat' dir='ltr'>Lilybaeoque</span> 
     </span>
     <span class='ocr_line' id='line_1_23' title="bbox 30 2081 1075 2168; baseline 0.004 -25"><span class='ocrx_word' id='word_1_162' title='bbox 30 2092 63 2145; x_wconf 85' lang='lat'>13</span> <span class='ocrx_word' id='word_1_163' title='bbox 73 2083 224 2148; x_wconf 84' lang='lat' dir='ltr'>detraxit.</span> <span class='ocrx_word' id='word_1_164' title='bbox 245 2081 442 2168; x_wconf 91' lang='lat' dir='ltr'>trepidatum</span> <span class='ocrx_word' id='word_1_165' title='bbox 454 2092 503 2147; x_wconf 91' lang='lat' dir='ltr'>est</span> <span class='ocrx_word' id='word_1_166' title='bbox 512 2082 611 2147; x_wconf 91' lang='lat' dir='ltr'>semel</span> <span class='ocrx_word' id='word_1_167' title='bbox 623 2084 710 2146; x_wconf 90' lang='lat' dir='ltr'>circa</span> <span class='ocrx_word' id='word_1_168' title='bbox 722 2081 1002 2147; x_wconf 77' lang='lat' dir='ltr'>Camerinensium</span> <span class='ocrx_word' id='word_1_169' title='bbox 1013 2082 1075 2147; x_wconf 89' lang='lat' dir='ltr'>sal-</span> 
     </span>
     <span class='ocr_line' id='line_1_24' title="bbox 71 2164 1076 2252; baseline -0.001 -20"><span class='ocrx_word' id='word_1_170' title='bbox 71 2176 154 2250; x_wconf 88' lang='lat' dir='ltr'>tum,</span> <span class='ocrx_word' id='word_1_171' title='bbox 174 2167 232 2231; x_wconf 88' lang='lat' dir='ltr'>sed</span> <span class='ocrx_word' id='word_1_172' title='bbox 244 2167 363 2231; x_wconf 84' lang='lat' dir='ltr'>eximia</span> <span class='ocrx_word' id='word_1_173' title='bbox 373 2167 494 2231; x_wconf 85' lang='lat' dir='ltr'>virtute</span> <span class='ocrx_word' id='word_1_174' title='bbox 507 2165 663 2252; x_wconf 86' lang='lat' dir='ltr'>Calpurni</span> <span class='ocrx_word' id='word_1_175' title='bbox 674 2164 840 2230; x_wconf 83' lang='lat' dir='ltr'>Flammae</span> <span class='ocrx_word' id='word_1_176' title='bbox 856 2164 982 2230; x_wconf 91' lang='lat' dir='ltr'>tribuni</span> <span class='ocrx_word' id='word_1_177' title='bbox 991 2167 1076 2231; x_wconf 91' lang='lat' dir='ltr'>mili-</span> 
     </span>
     <span class='ocr_line' id='line_1_25' title="bbox 71 2248 1075 2335; baseline -0.001 -20"><span class='ocrx_word' id='word_1_178' title='bbox 71 2260 141 2315; x_wconf 91' lang='lat' dir='ltr'>tum</span> <span class='ocrx_word' id='word_1_179' title='bbox 152 2252 325 2314; x_wconf 83' lang='lat' dir='ltr'>evasimus.</span> <span class='ocrx_word' id='word_1_180' title='bbox 354 2251 410 2335; x_wconf 91' lang='lat' dir='ltr'>qui</span> <span class='ocrx_word' id='word_1_181' title='bbox 420 2250 504 2315; x_wconf 91' lang='lat' dir='ltr'>lecta</span> <span class='ocrx_word' id='word_1_182' title='bbox 514 2259 732 2314; x_wconf 90' lang='lat' dir='ltr'>trecentorum</span> <span class='ocrx_word' id='word_1_183' title='bbox 749 2271 846 2312; x_wconf 91' lang='lat' dir='ltr'>manu</span> <span class='ocrx_word' id='word_1_184' title='bbox 858 2250 1021 2314; x_wconf 87' lang='lat' dir='ltr'>insessum</span> <span class='ocrx_word' id='word_1_185' title='bbox 1032 2248 1075 2314; x_wconf 91' lang='lat' dir='ltr'>ab</span> 
     </span>
     <span class='ocr_line' id='line_1_26' title="bbox 71 2331 1108 2418; baseline -0.002 -21"><span class='ocrx_word' id='word_1_186' title='bbox 71 2332 219 2398; x_wconf 90' lang='lat' dir='ltr'>hostibus</span> <span class='ocrx_word' id='word_1_187' title='bbox 235 2332 395 2398; x_wconf 92' lang='lat' dir='ltr'>tumulum</span> <span class='ocrx_word' id='word_1_188' title='bbox 418 2334 589 2418; x_wconf 89' lang='lat' dir='ltr'>occupavit</span> <span class='ocrx_word' id='word_1_189' title='bbox 607 2341 704 2418; x_wconf 87' lang='lat' dir='ltr'>atque</span> <span class='ocrx_word' id='word_1_190' title='bbox 720 2341 863 2396; x_wconf 88' lang='lat' dir='ltr'>moratus</span> <span class='ocrx_word' id='word_1_191' title='bbox 884 2331 996 2398; x_wconf 87' lang='lat' dir='ltr'>hostes</span> <span class='ocrx_word' id='word_1_192' title='bbox 1013 2342 1072 2415; x_wconf 86' lang='lat' dir='ltr'>est,</span> <span class='ocrx_word' id='word_1_193' title='bbox 1082 2353 1108 2395; x_wconf 79' lang='lat' dir='ltr'>a</span> 
     </span>
     <span class='ocr_line' id='line_1_27' title="bbox 30 2415 1076 2481; baseline 0.001 -1"><span class='ocrx_word' id='word_1_194' title='bbox 30 2422 64 2471; x_wconf 83' lang='lat'>14</span> <span class='ocrx_word' id='word_1_195' title='bbox 73 2417 151 2480; x_wconf 89' lang='lat' dir='ltr'>dum</span> <span class='ocrx_word' id='word_1_196' title='bbox 162 2418 323 2480; x_wconf 85' lang='lat' dir='ltr'>exercitus</span> <span class='ocrx_word' id='word_1_197' title='bbox 336 2416 439 2479; x_wconf 90' lang='lat' dir='ltr'>omnis</span> <span class='ocrx_word' id='word_1_198' title='bbox 451 2416 614 2481; x_wconf 86' lang='lat' dir='ltr'>evaderet.</span> <span class='ocrx_word' id='word_1_199' title='bbox 639 2436 678 2478; x_wconf 90' lang='lat' dir='ltr'>ac</span> <span class='ocrx_word' id='word_1_200' title='bbox 697 2416 743 2478; x_wconf 90' lang='lat' dir='ltr'>sic</span> <span class='ocrx_word' id='word_1_201' title='bbox 775 2415 970 2480; x_wconf 87' lang='lat' dir='ltr'>ulcherrimo</span> <span class='ocrx_word' id='word_1_202' title='bbox 983 2419 1076 2481; x_wconf 87' lang='lat' dir='ltr'>exitu</span> 
     </span>
     <span class='ocr_line' id='line_1_28' title="bbox 72 2437 1074 2584; baseline 0.001 -21"><span class='ocrx_word' id='word_1_203' title='bbox 72 2498 363 2584; x_wconf 84' lang='lat' dir='ltr'>Thermopylarum</span> <span class='ocrx_word' id='word_1_204' title='bbox 376 2507 407 2562; x_wconf 92' lang='lat' dir='ltr'>et</span> <span class='ocrx_word' id='word_1_205' title='bbox 418 2498 583 2563; x_wconf 87' lang='lat' dir='ltr'>Leonidae</span> <span class='ocrx_word' id='word_1_206' title='bbox 593 2499 713 2563; x_wconf 83' lang='lat' dir='ltr'>famam</span> <span class='ocrx_word' id='word_1_207' title='bbox 724 2437 932 2584; x_wconf 70' lang='lat' dir='ltr'>adaequavit,</span> <span class='ocrx_word' id='word_1_208' title='bbox 952 2498 1015 2564; x_wconf 92' lang='lat' dir='ltr'>hoc</span> <span class='ocrx_word' id='word_1_209' title='bbox 1026 2502 1074 2563; x_wconf 90' lang='lat' dir='ltr'>in·</span> 
     </span>
     <span class='ocr_line' id='line_1_29' title="bbox 71 2581 1076 2668; baseline 0.002 -22"><span class='ocrx_word' id='word_1_210' title='bbox 71 2583 204 2647; x_wconf 90' lang='lat' dir='ltr'>lustrior</span> <span class='ocrx_word' id='word_1_211' title='bbox 215 2592 341 2664; x_wconf 91' lang='lat' dir='ltr'>noster,</span> <span class='ocrx_word' id='word_1_212' title='bbox 360 2581 448 2668; x_wconf 92' lang='lat' dir='ltr'>quod</span> <span class='ocrx_word' id='word_1_213' title='bbox 459 2581 657 2668; x_wconf 83' lang='lat' dir='ltr'>expeditioni</span> <span class='ocrx_word' id='word_1_214' title='bbox 667 2590 777 2646; x_wconf 88' lang='lat' dir='ltr'>tantae</span> <span class='ocrx_word' id='word_1_215' title='bbox 797 2581 971 2668; x_wconf 85' lang='lat' dir='ltr'>superfuit,</span> <span class='ocrx_word' id='word_1_216' title='bbox 997 2583 1076 2648; x_wconf 88' lang='lat' dir='ltr'>licet</span> 
     </span>
     <span class='ocr_line' id='line_1_30' title="bbox 71 2665 546 2750; baseline 0.002 -22"><span class='ocrx_word' id='word_1_217' title='bbox 71 2665 153 2730; x_wconf 91' lang='lat' dir='ltr'>nihil</span> <span class='ocrx_word' id='word_1_218' title='bbox 164 2666 367 2750; x_wconf 90' lang='lat' dir='ltr'>inscripserit</span> <span class='ocrx_word' id='word_1_219' title='bbox 378 2667 546 2750; x_wconf 82' lang='lat' dir='ltr'>sanguine.</span> 
     </span>
     <span class='ocr_line' id='line_1_31' title="bbox 28 2746 1109 2830; baseline 0.003 -20"><span class='ocrx_word' id='word_1_220' title='bbox 28 2761 62 2811; x_wconf 83' lang='lat'>15</span> <span class='ocrx_word' id='word_1_221' title='bbox 155 2748 258 2813; x_wconf 90' lang='lat' dir='ltr'>Lucio</span> <span class='ocrx_word' id='word_1_222' title='bbox 278 2747 429 2813; x_wconf 89' lang='lat' dir='ltr'>Cornelio</span> <span class='ocrx_word' id='word_1_223' title='bbox 449 2747 503 2813; x_wconf 90' lang='lat' dir='ltr'>Sci</span> <span class='ocrx_word' id='word_1_224' title='bbox 525 2750 599 2813; x_wconf 90' lang='lat' dir='ltr'>ione</span> <span class='ocrx_word' id='word_1_225' title='bbox 616 2747 764 2830; x_wconf 92' lang='lat' dir='ltr'>consule,</span> <span class='ocrx_word' id='word_1_226' title='bbox 787 2769 861 2812; x_wconf 91' lang='lat' dir='ltr'>cum</span> <span class='ocrx_word' id='word_1_227' title='bbox 876 2749 942 2811; x_wconf 89' lang='lat' dir='ltr'>iam</span> <span class='ocrx_word' id='word_1_228' title='bbox 961 2746 1109 2820; x_wconf 64' lang='lat' dir='ltr'>Siciliam</span> 
     </span>
     <span class='ocr_line' id='line_1_32' title="bbox 72 2771 1073 2918; baseline -0.001 -22"><span class='ocrx_word' id='word_1_229' title='bbox 72 2830 259 2896; x_wconf 88' lang='lat' dir='ltr'>suburbana</span> <span class='ocrx_word' id='word_1_230' title='bbox 277 2840 364 2896; x_wconf 87' lang='lat' dir='ltr'>esset</span> <span class='ocrx_word' id='word_1_231' title='bbox 379 2831 491 2918; x_wconf 91' lang='lat' dir='ltr'>populi</span> <span class='ocrx_word' id='word_1_232' title='bbox 503 2771 643 2897; x_wconf 69' lang='lat' dir='ltr'>llomani</span> <span class='ocrx_word' id='word_1_233' title='bbox 657 2833 840 2918; x_wconf 88' lang='lat' dir='ltr'>provincia,</span> <span class='ocrx_word' id='word_1_234' title='bbox 860 2841 1011 2918; x_wconf 88' lang='lat' dir='ltr'>serpente</span> <span class='ocrx_word' id='word_1_235' title='bbox 1027 2831 1073 2895; x_wconf 90' lang='lat' dir='ltr'>la-</span> 
     </span>
     <span class='ocr_line' id='line_1_33' title="bbox 27 2913 1073 3015; baseline -0.002 -33"><span class='ocrx_word' id='word_1_236' title='bbox 27 2930 63 2982; x_wconf 80' lang='lat'>16</span> <span class='ocrx_word' id='word_1_237' title='bbox 71 2917 137 2980; x_wconf 90' lang='lat' dir='ltr'>tius</span> <span class='ocrx_word' id='word_1_238' title='bbox 147 2914 234 2979; x_wconf 90' lang='lat' dir='ltr'>bello</span> <span class='ocrx_word' id='word_1_239' title='bbox 246 2913 430 2980; x_wconf 86' lang='lat' dir='ltr'>Sardiniam</span> <span class='ocrx_word' id='word_1_240' title='bbox 441 2915 665 3015; x_wconf 81' lang='lat' dir='ltr'>adnexamque</span> <span class='ocrx_word' id='word_1_241' title='bbox 678 2914 846 2979; x_wconf 83' lang='lat' dir='ltr'>Corsicam</span> <span class='ocrx_word' id='word_1_242' title='bbox 855 2916 994 2979; x_wconf 87' lang='lat' dir='ltr'>transiit.</span> <span class='ocrx_word' id='word_1_243' title='bbox 1016 2914 1073 2980; x_wconf 90' lang='lat'>01-</span> 
     </span>
     <span class='ocr_line' id='line_1_34' title="bbox 71 2997 1073 3080; baseline 0.001 -18"><span class='ocrx_word' id='word_1_244' title='bbox 71 2998 146 3062; x_wconf 90' lang='lat' dir='ltr'>biae</span> <span class='ocrx_word' id='word_1_245' title='bbox 156 2997 224 3080; x_wconf 87' lang='lat' dir='ltr'>hic,</span> <span class='ocrx_word' id='word_1_246' title='bbox 242 2997 290 3062; x_wconf 91' lang='lat' dir='ltr'>ibi</span> <span class='ocrx_word' id='word_1_247' title='bbox 299 2997 432 3062; x_wconf 89' lang='lat' dir='ltr'>Aleriae</span> <span class='ocrx_word' id='word_1_248' title='bbox 447 2997 539 3067; x_wconf 90' lang='lat' dir='ltr'>urbis</span> <span class='ocrx_word' id='word_1_249' title='bbox 551 2998 679 3074; x_wconf 82' lang='lat' dir='ltr'>excidio</span> <span class='ocrx_word' id='word_1_250' title='bbox 695 2997 819 3062; x_wconf 89' lang='lat' dir='ltr'>incolas</span> <span class='ocrx_word' id='word_1_251' title='bbox 829 2998 945 3063; x_wconf 86' lang='lat' dir='ltr'>terruit</span> <span class='ocrx_word' id='word_1_252' title='bbox 949 3045 959 3079; x_wconf 93' lang='lat'>,</span> <span class='ocrx_word' id='word_1_253' title='bbox 976 2998 1073 3064; x_wconf 88' lang='lat' dir='ltr'>adeo·</span> 
     </span>
     <span class='ocr_line' id='line_1_35' title="bbox 74 3082 1072 3168; baseline 0 -21"><span class='ocrx_word' id='word_1_254' title='bbox 74 3103 135 3168; x_wconf 91' lang='lat' dir='ltr'>que</span> <span class='ocrx_word' id='word_1_255' title='bbox 147 3082 234 3146; x_wconf 92' lang='lat' dir='ltr'>omni</span> <span class='ocrx_word' id='word_1_256' title='bbox 243 3089 332 3145; x_wconf 89' lang='lat' dir='ltr'>terra</span> <span class='ocrx_word' id='word_1_257' title='bbox 344 3091 375 3145; x_wconf 90' lang='lat' dir='ltr'>et</span> <span class='ocrx_word' id='word_1_258' title='bbox 385 3082 468 3146; x_wconf 90' lang='lat' dir='ltr'>mari</span> <span class='ocrx_word' id='word_1_259' title='bbox 478 3082 605 3146; x_wconf 86' lang='lat' dir='ltr'>Poenos</span> <span class='ocrx_word' id='word_1_260' title='bbox 616 3083 779 3168; x_wconf 85' lang='lat' dir='ltr'>purgavit,</span> <span class='ocrx_word' id='word_1_261' title='bbox 791 3089 828 3144; x_wconf 92' lang='lat' dir='ltr'>ut</span> <span class='ocrx_word' id='word_1_262' title='bbox 838 3082 904 3145; x_wconf 90' lang='lat' dir='ltr'>iam</span> <span class='ocrx_word' id='word_1_263' title='bbox 914 3083 1072 3146; x_wconf 82' lang='lat' dir='ltr'>victoriae</span> 
     </span>
     <span class='ocr_line' id='line_1_36' title="bbox 72 3164 1108 3236; baseline 0.009 -9"><span class='ocrx_word' id='word_1_264' title='bbox 72 3165 154 3230; x_wconf 88' lang='lat' dir='ltr'>nihil</span> <span class='ocrx_word' id='word_1_265' title='bbox 165 3164 376 3229; x_wconf 84' lang='lat' dir='ltr'>nisiAfricai</span> <span class='ocrx_word' id='word_1_266' title='bbox 400 3185 436 3228; x_wconf 88' lang='lat' dir='ltr'>sa</span> <span class='ocrx_word' id='word_1_267' title='bbox 448 3173 594 3230; x_wconf 87' lang='lat' dir='ltr'>restaret.</span> <span class='ocrx_word' id='word_1_268' title='bbox 1080 3193 1108 3236; x_wconf 75' lang='lat' dir='ltr'>aa</span> 
     </span>
     <span class='ocr_line' id='line_1_37' title="bbox 28 3247 1075 3333; baseline 0.001 -21"><span class='ocrx_word' id='word_1_269' title='bbox 28 3261 63 3312; x_wconf 81' lang='lat'>17</span> <span class='ocrx_word' id='word_1_270' title='bbox 157 3247 376 3312; x_wconf 87' lang='lat' dir='ltr'>MarcoAtilio</span> <span class='ocrx_word' id='word_1_271' title='bbox 419 3247 514 3333; x_wconf 84' lang='lat' dir='ltr'>egulo</span> <span class='ocrx_word' id='word_1_272' title='bbox 527 3248 608 3315; x_wconf 93' lang='lat' dir='ltr'>duce</span> <span class='ocrx_word' id='word_1_273' title='bbox 618 3250 684 3312; x_wconf 90' lang='lat' dir='ltr'>iam</span> <span class='ocrx_word' id='word_1_274' title='bbox 695 3247 884 3313; x_wconf 84' lang='lat' dir='ltr'>inAfricam</span> <span class='ocrx_word' id='word_1_275' title='bbox 894 3248 1075 3333; x_wconf 86' lang='lat' dir='ltr'>navigabat</span> 
     </span>
     <span class='ocr_line' id='line_1_38' title="bbox 72 3330 1072 3419; baseline 0 -22"><span class='ocrx_word' id='word_1_276' title='bbox 72 3330 204 3397; x_wconf 91' lang='lat' dir='ltr'>bellum.</span> <span class='ocrx_word' id='word_1_277' title='bbox 233 3352 294 3396; x_wconf 91' lang='lat' dir='ltr'>nec</span> <span class='ocrx_word' id='word_1_278' title='bbox 313 3331 484 3396; x_wconf 86' lang='lat' dir='ltr'>defuerant</span> <span class='ocrx_word' id='word_1_279' title='bbox 494 3333 551 3419; x_wconf 92' lang='lat' dir='ltr'>qui</span> <span class='ocrx_word' id='word_1_280' title='bbox 569 3333 640 3418; x_wconf 90' lang='lat' dir='ltr'>ipso</span> <span class='ocrx_word' id='word_1_281' title='bbox 652 3331 769 3396; x_wconf 88' lang='lat' dir='ltr'>Punici</span> <span class='ocrx_word' id='word_1_282' title='bbox 779 3333 879 3396; x_wconf 89' lang='lat' dir='ltr'>maris</span> <span class='ocrx_word' id='word_1_283' title='bbox 890 3331 1022 3395; x_wconf 90' lang='lat' dir='ltr'>nomine</span> <span class='ocrx_word' id='word_1_284' title='bbox 1033 3353 1072 3397; x_wconf 90' lang='lat' dir='ltr'>ac</span> 
     </span>
     <span class='ocr_line' id='line_1_39' title="bbox 71 3413 1070 3503; baseline -0.002 -20"><span class='ocrx_word' id='word_1_285' title='bbox 71 3420 198 3485; x_wconf 82' lang='lat' dir='ltr'>terrore</span> <span class='ocrx_word' id='word_1_286' title='bbox 216 3414 404 3498; x_wconf 75' lang='lat' dir='ltr'>deficerent,</span> <span class='ocrx_word' id='word_1_287' title='bbox 426 3416 559 3503; x_wconf 74' lang='lat' dir='ltr'>insuper</span> <span class='ocrx_word' id='word_1_288' title='bbox 578 3436 632 3480; x_wconf 73' lang='lat' dir='ltr'>&lt;uu</span> <span class='ocrx_word' id='word_1_289' title='bbox 648 3423 717 3479; x_wconf 59' lang='lat' dir='ltr'>ante</span> <span class='ocrx_word' id='word_1_290' title='bbox 727 3413 847 3480; x_wconf 79' lang='lat' dir='ltr'>Nautio</span> <span class='ocrx_word' id='word_1_291' title='bbox 863 3413 994 3480; x_wconf 71' lang='lat' dir='ltr'>tribuno</span> <span class='ocrx_word' id='word_1_292' title='bbox 1004 3437 1070 3481; x_wconf 88' lang='lat' dir='ltr'>me·</span> 
     </span>
    </p>
   </div>
   <div class='ocr_carea' id='block_1_4' title="bbox 0 0 1138 3832">
    <p class='ocr_par' dir='ltr' id='par_1_4' title="bbox 0 0 1138 3832">
     <span class='ocr_line' id='line_1_40' title="bbox 0 0 1138 3832; baseline 0 0"><span class='ocrx_word' id='word_1_293' title='bbox 0 0 1138 3832; x_wconf 95' lang='lat' dir='ltr'> </span> 
     </span>
    </p>
   </div>
  </div>
 </body>
</html>
