2266 3832
112 209 154 272 82
470 218 577 268 raom
587 218 756 268 emron.

112 373 298 461 provincias
321 392 418 455 quam
439 371 546 455 ipsum
567 370 669 456 sequi.
702 368 847 435 Siciliam
867 379 903 436 et
922 369 1117 454 Sardiniam,

72 473 264 525 aaannonae
295 455 448 539 pignera,
480 474 540 538 per
568 452 694 538 legatos
727 452 837 518 habet.
890 453 977 519 nihil
1003 453 1116 519 hostile

115 550 185 605 crat
205 541 240 603 in
261 536 385 619 Gallia3
412 556 527 623 paoem
545 537 616 622 ipse
636 536 770 600 fecerat.
814 536 875 602 s'ed
899 536 945 601 ad
964 536 1116 623 Hispani-

115 645 209 688 enses
231 620 366 704 Pompei
387 621 549 684 exercitus
567 620 749 683 transeunti
768 641 828 705 per
848 642 922 685 eam
950 620 1029 685 duci
1048 642 1116 707 por·

113 718 164 770 tas
182 704 333 769 claudere
354 722 434 767 ausa
454 701 603 766 Massilia
623 711 683 765 est.
711 704 833 767 misera
852 703 932 769 dum
953 705 1047 789 cupit
1064 724 1115 790 pa

114 811 201 870 cem,
223 786 303 851 belli
322 795 410 850 metu
431 788 466 849 in
487 784 610 849 bellum
627 786 760 868 incidit3
782 786 841 851 scd
860 786 940 873 quia
960 795 1034 851 tuta
1053 808 1116 851 mu·

70 874 160 941 nris
183 879 267 951 erat,
295 870 384 933 vinci
405 890 477 933 cam
498 868 562 931 sibi
591 869 687 933 iussit
708 868 846 934 absenti.
889 869 1057 935 Graecula
1077 871 1116 934 ci·

114 957 200 1019 vitas
227 974 294 1017 non
319 972 378 1037 pro
399 951 537 1016 mollitia
555 952 694 1016 nominis
718 961 751 1016 et
770 952 895 1018 vallum
914 975 1068 1041 rumpere
1087 962 1116 1016 et

115 1037 289 1103 incendere
322 1035 488 1098 machinas
516 1056 612 1116 ausa,
646 1037 744 1099 etiam
771 1037 929 1122 congredi
959 1037 1115 1118 navibus3

71 1122 174 1194 aesed
194 1120 331 1200 Brutus,
360 1120 414 1182 oui
434 1119 623 1182 mandatum
642 1127 712 1182 erat
732 1118 870 1204 bellum,
902 1120 1011 1185 victos
1031 1128 1129 1185 terrai

114 1205 260 1290 marique
280 1202 473 1288 perdomuit.
511 1223 589 1266 mox
608 1201 801 1266 dedentibus
823 1225 859 1267 se
880 1204 992 1270 omnia
1010 1202 1117 1269 ablata

115 1297 244 1374 praeter
273 1307 369 1373 quam
389 1288 547 1371 potiorem
569 1284 718 1349 omnibus
738 1284 903 1353 habebant
923 1286 1115 1351 libertatem.

73 1382 107 1435 26
200 1373 330 1455 Anceps
356 1371 483 1432 varium
504 1389 546 1430 ue
573 1368 631 1431 sed
659 1369 864 1433 incruentum
895 1371 931 1434 in
958 1370 1117 1455 Hispania

115 1455 239 1520 bellum
259 1474 333 1517 oum
353 1453 469 1536 legatis
522 1452 576 1514 nei
595 1450 743 1537 Pompei,
766 1452 896 1520 Petreio
916 1461 952 1519 et
968 1452 1116 1534 Afranio,

115 1560 196 1624 quos
207 1536 335 1599 Ilerdae
357 1544 463 1598 castra
483 1533 640 1598 habentes
662 1544 740 1620 aput
757 1533 896 1601 Sicorim
915 1557 1048 1601 amnem
1063 1536 1115 1601 ob

71 1622 222 1686 arsidere
245 1627 276 1680 et
300 1618 342 1681 ab
364 1618 482 1702 oppido
504 1616 721 1682 intercludere
742 1618 945 1703 adgreditur.
988 1620 1119 1685 interim

116 1702 292 1766 abundatio
311 1702 405 1763 verni
424 1700 567 1763 fluminis
588 1700 819 1766 commeatibus
838 1702 1052 1788 prohibebat:
1074 1703 1119 1767 sic

115 1787 201 1850 fame
224 1792 331 1847 castra
350 1792 506 1868 temptata
528 1792 611 1865 sunt,
633 1784 847 1871 obsessorque
862 1788 933 1872 ipse
955 1787 1051 1873 qnasi
1065 1785 1118 1850 ob

72 1868 293 1933 assidebatur.
344 1866 402 1951 sed
427 1866 485 1929 ubi
512 1886 580 1951 pax
598 1867 741 1931 fluminis
761 1867 876 1952 rediit,
904 1869 1119 1955 popidationi·

115 1953 176 2016 bus
199 1960 231 2015 et
248 1970 377 2036 pugnae
400 1970 529 2034 campos
551 1951 692 2036 aperuit,
713 1953 831 2015 iterum
847 1953 943 2018 ferox
961 1953 1066 2017 instat
1084 1958 1117 2016 et
1129 1980 1133 2001 ι

117 2035 268 2100 cedentes
291 2034 334 2097 ad
350 2032 560 2097 Celtiberiam
573 2042 763 2099 consecutus
782 2055 903 2120 aggere
923 2044 957 2100 et
977 2036 1068 2101 vallo
1088 2044 1120 2099 et

72 2142 108 2194 29
117 2142 175 2206 per
196 2119 277 2183 haec
299 2119 352 2180 siti
374 2117 416 2181 ad
436 2117 634 2182 deditionem
654 2117 809 2203 conpulit.
838 2120 888 2183 sic
908 2121 1042 2185 citerior
1061 2118 1119 2183 Hi·

119 2204 233 2290 spania
258 2209 389 2286 recepta
416 2209 478 2282 est,
508 2222 569 2264 nec
595 2200 730 2266 ulterior
756 2198 880 2267 m'oram
906 2202 995 2267 fecit.
1040 2201 1120 2290 quid

118 2288 204 2351 enim
221 2306 288 2349 una
330 2292 381 2349 ost
403 2285 544 2369 quinque
563 2283 732 2367 legiones?
753 2286 863 2372 itaque
879 2285 967 2351 ultro
983 2286 1120 2351 cedente

116 2369 265 2433 Varrone
325 2367 419 2447 ades,
447 2366 580 2447 fretum,
608 2367 773 2450 Oceanus,
803 2370 911 2434 omnia
928 2368 1120 2434 felicitatem

119 2450 269 2516 Caesaris
293 2448 520 2533 sequebantur.

72 2545 108 2597 30
201 2531 337 2616 Aliquid
366 2540 475 2594 tamar
504 2532 662 2596 adversus
695 2533 862 2599 absentem
894 2535 1010 2600 ducem
1041 2554 1121 2601 ausa

116 2616 262 2680 Fortuna
291 2622 341 2678 est
362 2616 455 2678 eirea
475 2613 643 2700 Illyricam
671 2625 704 2679 et
721 2617 870 2682 Africam
894 2640 998 2700 oram,
1025 2619 1122 2718 quasi

75 2700 160 2768 alde
180 2698 341 2762 industria
380 2718 514 2782 rospera
535 2700 605 2762 eius
626 2698 772 2764 adversis
793 2701 947 2766 radiaret.
987 2714 1120 2789 quippe

116 2805 190 2847 cum
210 2782 322 2845 fauces
342 2718 482 2846 ddriani
503 2783 601 2845 maris
620 2783 702 2846 iussi
723 2805 880 2870 occupare
896 2784 1073 2850 Dolabella
1087 2792 1120 2849 et

114 2867 287 2947 Antonius,
309 2863 366 2930 ille
387 2863 535 2950 Illyrico,
557 2865 611 2929 hic
633 2863 795 2941 Curictico
816 2868 911 2933 litore
932 2878 1039 2932 eastm
1061 2888 1119 3015 po-

116 2950 265 3030 scissent,
291 2949 357 3011 iam
377 2949 481 3011 maria
499 2948 564 3011 late
584 2958 716 3013 tenente
734 2951 900 3037 Pompeio,
920 2960 1055 3038 repente
1086 2973 1118 3015 e·

116 3039 211 3117 gatus
241 3033 312 3095 eius
332 3031 488 3095 Octavius
509 3031 593 3095 Libo
621 3033 808 3117 ingentibus
838 3037 940 3121 copiis
965 3033 1118 3099 classico·

72 3138 189 3190 :sorum
208 3123 380 3199 utrumque
400 3116 622 3179 circumvenit.
666 3116 864 3183 deditionem
884 3119 987 3184 fames
1009 3126 1117 3183 entor-

118 3201 160 3264 sit
179 3199 333 3263 Antonio.
355 3200 474 3262 missae
496 3218 623 3297 quoque
644 3220 664 3261 a
685 3199 796 3266 Basilo
815 3204 850 3266 in
869 3202 1027 3267 auxilium
1043 3203 1131 3266 eins

117 3292 220 3365 rates,
242 3281 353 3369 quales
375 3283 486 3367 inopia
506 3302 639 3345 nemum
659 3282 818 3367 fecerant,
840 3308 926 3350 nova
947 3284 1118 3371 Pompeis·

116 3389 232 3432 norum
258 3374 326 3430 arte
357 3364 496 3429 Cilicum
529 3365 609 3427 actis
638 3366 698 3428 sub
725 3371 808 3433 mari
840 3368 973 3434 funibus
1004 3376 1118 3453 captae

70 3451 210 3534 :laquaci
236 3472 296 3536 per
320 3448 518 3534 indaginem.
569 3447 649 3511 duas
674 3457 783 3515 tamen
815 3462 923 3517 aestus
949 3452 1116 3536 explicuit.
