2266 3832
245 219 454 281 ursronmu
475 220 668 281 nonaum
687 223 729 296 11,
752 229 795 283 aa.
809 230 853 282 ar.
999 224 1040 285 aa

61 374 229 453 quemlibet
243 392 385 449 magnum
402 383 557 434 auctorem
572 376 700 444 laceret;
718 375 789 433 data
804 379 884 433 emm
898 376 1041 437 facultate

62 462 130 520 sine
143 466 232 533 rapto
247 458 371 517 vivendi
385 458 501 532 rapinis
515 460 620 517 arcuit.

140 542 271 601 XXXIII.
297 542 370 601 Cum
382 549 466 600 esset
479 542 509 599 in
520 542 582 600 fine
593 541 703 599 bellum
714 541 884 613 Piraticum,
901 542 1040 603 etL.Lu·
1056 554 1071 603 1

61 628 170 698 cullus,
187 627 238 699 qui
253 633 323 686 ante
337 631 455 699 septem
466 641 563 684 annos
576 640 615 682 ex
626 626 785 684 consulatu
798 626 922 685 sortitus
935 626 1040 685 Asiam

60 709 223 770 Mithridati
240 710 401 783 oppositus
417 718 481 768 erat
500 724 688 782 magnasque
706 725 742 767 ac
764 709 968 769 memorabilis
983 724 1039 784 ¹res

60 794 103 853 ibi
114 799 270 867 gesserat,
285 792 478 852 Mithridaten
495 806 589 864 saepe
605 791 706 851 multIs
719 793 795 851 locis
808 793 936 864 suderat,
953 809 1039 865 ogre-

60 878 111 951 gia
132 876 274 953 Cyzicum
296 877 438 935 liberarat
459 874 598 946 victorIa,
625 875 790 949 TIgranen,
816 892 921 949 regum
943 876 1038 935 maxi-

61 975 150 1031 mum,
165 960 195 1017 in
208 960 352 1018 Armenia
368 960 481 1018 vicerat
497 958 692 1031 ultimamque
706 959 786 1019 bello
801 976 923 1017 manum
940 976 1039 1033 paene

59 1043 158 1117 magis
174 1045 312 1103 noluerat
326 1044 484 1117 imponere
499 1057 589 1114 quam
605 1058 664 1101 non
681 1050 835 1117 potuerat,
858 1044 909 1117 qui
924 1044 1039 1116 alloqui

59 1143 117 1201 per
129 1128 230 1186 omnia
244 1126 406 1185 laudabilis
419 1134 448 1185 et
461 1126 542 1183 bello
560 1140 657 1197 paene
673 1126 800 1185 Invictus
815 1127 963 1199 pecuniae
977 1129 1039 1200 pel·

60 1211 178 1271 lebatur
194 1212 351 1283 cupidine,
379 1210 459 1268 idom
474 1208 584 1266 bellum
600 1208 700 1268 adhuc
715 1210 953 1282 administraret,
975 1210 1038 1267 Ma-

59 1294 150 1354 nilius
168 1294 305 1353 tribunus
321 1293 436 1367 plebis,
457 1307 579 1364 semper·
596 1291 711 1350 venalis
726 1300 756 1351 et
771 1294 887 1351 alienae
902 1294 1039 1353 minister

61 1380 229 1451 potentiae,
251 1380 349 1449 legem
371 1377 450 1444 tulit,
474 1385 506 1433 ut
525 1374 638 1434 bellum
657 1375 892 1434 Mithridaticum
914 1391 969 1450 per
985 1377 1036 1436 Cn.

60 1462 235 1534 Pompeium
256 1459 526 1518 adnunistraretur.
559 1464 697 1532 Accepta
718 1475 755 1517 ea
776 1460 958 1533 magnisque
973 1467 1070 1518 cer-2

59 1552 153 1604 tatum
175 1543 252 1602 inter
272 1544 473 1615 imperatores
493 1542 615 1615 iurgiis,
642 1559 710 1601 oum
731 1542 894 1616 Pompeius
909 1544 1036 1603 Lucullo

58 1626 212 1687 Int'amIam
233 1627 396 1701 pecuniae,
423 1626 566 1685 Lucullus
580 1626 727 1700 Pompeio
749 1627 968 1686 iuternrinatam
987 1644 1037 1685 cu-

57 1711 216 1785 piditatem
232 1710 377 1769 obiiceret
390 1709 506 1782 imperi,
522 1718 689 1783 neuterque
704 1712 742 1769 ab
758 1727 795 1770 eo
812 1728 873 1785 quo
888 1712 1036 1785 argueba-

59 1802 115 1866 tur,
133 1794 274 1853 mentitus
290 1793 376 1866 argui
391 1801 507 1867 posset.
536 1794 611 1851 Nam
626 1810 726 1866 neque
740 1794 914 1868 Pompeius
931 1803 963 1854 ut
977 1796 1037 1870 pri-
1052 1801 1070 1852 3

57 1893 139 1936 mum
162 1877 201 1935 ad
221 1877 440 1951 rempublicam
460 1877 627 1950 adgressus
649 1885 710 1947 est,
739 1894 923 1952 quemquam
944 1896 1038 1952 ocqtro

58 1962 159 2019 animo
175 1976 277 2034 parem
294 1960 373 2030 tulit,
396 1968 425 2018 ct
440 1962 469 2017 ln
484 1960 594 2034 quibus
610 1960 703 2018 rebus
727 1962 841 2033 prmius
857 1977 928 2020 esse
944 1961 1036 2021 debe-

59 2043 126 2117 bat,
152 2045 237 2102 solus
253 2060 324 2102 esse
346 2044 503 2117 cupiebat,
532 2059 632 2116 neque
655 2060 691 2102 eo
715 2045 778 2102 viro
801 2045 964 2119 quisquam
986 2054 1038 2103 aut

58 2128 119 2187 alia
138 2127 238 2187 omnia
258 2129 358 2185 urinus
373 2134 426 2185 aut
439 2129 566 2200 gloriam
581 2127 678 2199 magis
695 2128 863 2202 concupiit,
890 2130 920 2185 in
942 2130 1036 2202 adpe-

58 2210 158 2269 tendis
180 2212 348 2269 honoribus
370 2211 566 2280 immodicus,
594 2211 623 2267 in
645 2212 789 2283 gerendis
810 2212 1037 2270 verecundissi-

58 2309 143 2367 mus,
169 2303 202 2353 ut
221 2296 273 2368 qui
288 2311 342 2353 eos
364 2301 396 2352 ut
415 2294 615 2353 libentissime
635 2294 737 2365 mirol,
760 2294 800 2352 ita
821 2294 921 2353 finiret
936 2310 1036 2369 aequo

57 2378 169 2450 animo,
185 2387 214 2435 et
230 2378 312 2451 quod
329 2377 480 2451 cupisset,
496 2377 619 2435 arbitrio
635 2394 693 2437 suo
709 2386 850 2448 sumeret,
869 2379 967 2437 alieno
984 2379 1036 2437 de-

59 2470 201 2535 poneret,
217 2470 248 2520 et
261 2461 413 2535 Lucullus,
430 2477 565 2520 summus
581 2461 695 2535 alioqui
710 2462 769 2535 vir,
786 2464 931 2535 profusae
945 2461 1065 2523 huiusl

55 2547 86 2603 in
101 2544 251 2603 aedificiis
274 2544 526 2617 convictibusque
549 2552 578 2603 et
598 2546 796 2620 apparatibus
818 2546 955 2607 luxuriae
974 2546 1035 2621 pri-

55 2644 124 2687 mus
139 2636 245 2688 auctor
259 2628 322 2701 luit,
340 2644 430 2701 quem
445 2630 484 2688 ob
501 2629 626 2689 iniectas
642 2630 730 2689 molis
746 2630 821 2688 mari
836 2638 865 2690 et
878 2639 1036 2703 receptum

55 2710 203 2771 suffossis
224 2711 376 2771 montibus
398 2712 427 2769 in
449 2721 546 2770 terras
561 2729 644 2771 rrrare
659 2714 741 2772 haud
763 2714 892 2772 infacete
906 2714 1035 2785 Magnus

54 2794 221 2869 Pompeius
235 2796 359 2855 Xerxen
375 2804 511 2868 togatum
527 2812 638 2854 vocure
653 2804 842 2855 assueverat.

136 2878 272 2939 XXXIV.
301 2879 358 2938 Per
373 2880 404 2937 id
427 2888 546 2952 tempus
562 2897 580 2936 a
596 2879 628 2950 Q.
644 2880 765 2937 Metello
782 2879 870 2936 Creta
890 2881 991 2937 insula
1006 2880 1035 2936 iu
1054 2888 1063 2936 t

55 2962 163 3037 populi
188 2962 319 3021 Romani
346 2970 527 3036 potestatem
555 2962 680 3019 redacta
705 2970 767 3033 cst,
798 2977 877 3034 quae
904 2960 1034 3020 ducibus

52 3046 172 3105 Panare
192 3055 222 3106 et
235 3046 387 3104 Lasthene
410 3053 552 3119 quattuor
573 3054 602 3103 et
621 3044 726 3117 viginti
748 3043 869 3103 milibus
891 3044 1034 3103 Iuvenum

54 3130 171 3189 coactis
193 3130 352 3188 velocitate
373 3130 563 3203 pernicibuS‚
587 3145 737 3187 annorum
760 3127 960 3201 laborumque
982 3146 1035 3203 pa-

55 3212 259 3285 tientissimis,
282 3212 458 3286 sagittarum
480 3231 537 3271 usu
559 3213 779 3283 celeberrimis,
802 3228 856 3285 per
873 3211 1034 3271 tricunIum

52 3296 211 3357 Romanos
227 3296 379 3355 exercitus
393 3296 578 3368 fatigaverat.
599 3296 642 3353 Ne
654 3295 693 3353 ab
704 3296 793 3355 huius
807 3296 929 3369 quidem
942 3312 1035 3354 usura
1049 3303 1066 3353 :t

51 3380 170 3454 gloriae
185 3380 365 3453 temperavit
378 3378 509 3439 animum
525 3381 577 3440 Cn.
592 3379 770 3455 PompeiuS,
794 3380 866 3452 quin
889 3379 1034 3438 victoriae

14 3502 22 3519 .
52 3472 172 3539 partem
198 3470 361 3521 conaretur
385 3462 557 3531 uindicare3
588 3464 644 3521 sed
671 3471 701 3523 et
724 3464 841 3523 Luculli
868 3469 898 3522 et
922 3463 1031 3521 Metelli

825 3546 866 3605 3*
