2266 3832
67 119 108 181 52
425 130 533 180 raoni
545 130 712 181 nemon.

65 282 1072 450 bellianilegilffie‘lilbaliduffiaffiiilmmid

65 452 100 513 in
124 459 283 513 etrassent
305 450 378 533 (nec
399 448 450 512 fas
471 448 569 534 erat),
594 447 758 513 suffocatis
778 450 939 537 elisisque
959 454 1073 537 passim

65 535 78 597 i
116 532 244 596 antibus
275 534 341 595 suis
370 541 426 596 aut
454 533 574 595 mutuis
604 532 775 597 concidere
799 533 999 599 vulneribus
1023 544 1073 599 ant

66 615 197 680 vinculo
226 637 243 678 e
272 614 416 679 crinibus
445 616 512 679 suis
543 614 628 680 facto
659 614 700 679 ab
728 614 902 681 arboribus
924 618 1088 705 iugisquor

26 732 57 783 18
88 698 285 762 laustrorum
307 699 543 797 pependerunt.
577 697 714 763 Boiorix
739 721 801 763 rex
820 700 857 763 in
878 700 991 787 prium
1010 702 1074 767 acie

91 783 97 796 '
134 784 224 847 icans
247 783 280 845 in
305 804 375 880 1gre
396 803 457 846 nec
478 783 600 845 inultus
623 781 790 847 occiditur.

150 865 262 928 Tertia
319 867 521 949 rgurinorum
548 886 677 946 manus,
705 886 789 951 quae
815 867 913 952 quasi
940 866 979 931 in
1005 866 1074 931 sub-

65 949 149 1013 sidio
177 949 314 1013 Noricos
342 948 507 1012 insederat
533 947 667 1046 Alpium
693 946 851 1031 tumulos,
879 950 916 1013 in
947 949 1075 1015 diversa
1114 1012 1117 1019 .

23 1056 55 1109 19
66 1032 176 1117 elapsa
187 1032 293 1116 fugai
317 1031 419 1096 nobili
431 1040 463 1095 et
477 1031 656 1096 latrociniis
668 1033 811 1097 evanuit.
832 1032 922 1097 hunc
931 1041 1003 1099 tam
1014 1032 1100 1097 laeto
1115 1054 1118 1067 ·

65 1124 134 1179 tum
149 1125 280 1202 tamque
294 1055 427 1179 Ielieem
446 1114 603 1180 liberatae
616 1113 731 1179 Italiae
746 1115 1075 1204 adsertique-imperii
1115 1074 1119 1155 Ι

64 1201 215 1263 nuntium
227 1221 292 1262 non
302 1220 361 1284 per
375 1198 537 1279 homines,
554 1206 592 1262 ut
601 1197 740 1280 solebat,
756 1199 896 1286 populus
909 1198 1074 1271 Romam

24 1310 58 1363 20
67 1285 206 1368 accepit,
232 1283 290 1346 sed
304 1304 364 1367 per
377 1283 481 1368 ipsos,
504 1282 533 1345 si
544 1282 678 1346 credere
691 1281 742 1345 fas
758 1291 808 1346 est
816 1332 826 1367 ,
839 1282 931 1349 deos.
959 1284 1075 1369 quippe

67 1366 180 1432 eodem
202 1367 255 1431 die
278 1387 341 1451 quo
361 1374 454 1450 gesta
475 1386 527 1428 res
550 1374 601 1429 est
620 1366 686 1428 visi
705 1386 765 1463 pro
785 1364 868 1430 aede
884 1365 1032 1431 Pollucis
1047 1374 1076 1429 et

67 1449 211 1514 Castoris
234 1451 369 1512 iuvenes
394 1448 556 1512 laureatas
580 1457 723 1534 praetori
743 1447 868 1512 litteras
890 1448 988 1531 dare,
1013 1449 1102 1515 free

66 1553 232 1629 quousque
248 1532 283 1594 in
301 1530 485 1615 spectaculo
503 1552 613 1596 rumor
629 1532 786 1596 victoriae
803 1530 992 1597 Cimbricae
1007 1532 1075 1571 *²*

65 1614 153 1700 quod
172 1637 207 1677 1n
249 1613 419 1678 ladiatorio
436 1636 570 1678 munere
586 1614 659 1678 lieri
675 1614 757 1680 solet
773 1614 959 1679 ‘feliciterl’
982 1614 1076 1679 dixit.

22 1719 129 1784 21q110
162 1637 248 1783 quid
271 1696 514 1777 admirabilius,
550 1698 630 1784 quid
655 1699 815 1783 insignIus
843 1697 917 1761 fieri
990 1696 1076 1763 test?

66 1782 185 1867 quippe
204 1779 295 1844 velut
311 1779 395 1866 elata
410 1777 575 1867 montibus
594 1780 661 1845 suis
678 1782 782 1846 Roma
797 1802 873 1868 spec
965 1778 1078 1847 obelli

64 1866 252 1946 interesset,
274 1884 339 1929 uno
361 1862 538 1950 eo'd'emque
559 1874 736 1947 momento,
759 1886 833 1929 cum
847 1866 883 1928 in
899 1864 974 1929 acie
992 1862 1105 1937 Cim-20

64 1948 117 2012 bri
140 1947 402 2030 succumberent,
428 1947 566 2034 populus
588 1950 622 2012 in
644 1948 725 2013 urbe
745 1947 932 2034 plaudebat.

220 2080 438 2148 XXXVIIII.
464 2081 650 2145 BELLVM
672 2078 922 2146 THRAOIVM.
992 2141 993 2144 ,
1029 2154 1034 2163 ,

0 2202 117 2346 radim
150 2199 458 2345 Posthachqqratsa,
471 2197 582 2345 ”sifidio
597 2197 721 2346 pgaeet,
743 2196 887 2297 Thraces
903 2196 1075 2298 rebellant,

160 2304 226 2345 uon
250 2303 302 2344 am
344 2305 372 2345 rr
397 2304 419 2345 u
452 2304 494 2344 r11
550 2303 607 2347 ace
632 2302 745 2346 onum·
769 2302 887 2346 necin
932 2302 1076 2347 roxrmas

66 2305 162 2429 modd
184 2366 370 2448 provincias
393 2366 536 2429 contenti
557 2329 745 2446 incurrere:
760 2303 966 2430 Thessaliim
979 2374 1107 2453 atquea

65 2446 278 2527 Delmatiam,
304 2448 339 2509 in
359 2447 564 2512 Adriaticum
585 2469 798 2534 marcusque
820 2457 1001 2533 venerunt3
1025 2470 1076 2515 co·

67 2552 130 2615 que
151 2530 216 2593 fine
239 2531 371 2611 retenti,
400 2533 493 2617 quasi
514 2533 751 2596 interveniente
771 2539 902 2613 natiue,
930 2540 1079 2599 contorta

40 2614 102 2680 ain
119 2613 206 2697 ipsas
225 2634 325 2699 aquas
343 2613 408 2677 tela
424 2615 591 2679 miserunt.
617 2614 699 2678 nihil
715 2616 845 2679 interIm
859 2637 918 2701 per
932 2615 969 2681 id
983 2636 1078 2683 omne

66 2706 193 2782 tempus
215 2697 381 2761 residuum
402 2698 602 2763 crudelitatis
624 2699 687 2762 fuit
710 2700 745 2762 in
767 2699 913 2785 captivos
929 2700 1078 2765 saevien-

65 2780 169 2844 tibus:
200 2780 294 2844 litare
319 2780 368 2844 dis
396 2783 553 2866 sanguine
574 2782 729 2863 humano,
754 2782 867 2848 bibere
887 2784 922 2845 in
946 2782 1110 2849 ossibusa

67 2865 224 2962 capitum,
248 2865 511 2950 cuiusquemodi
532 2864 683 2929 ludibriis
706 2866 841 2931 foedare
854 2873 994 2931 mortem
1010 2875 1078 2931 tam

67 2947 138 3031 rgni
160 2969 256 3032 quam
279 2947 383 3028 fumo,
404 2957 516 3034 partus
533 2970 661 3046 quoque
678 2949 889 3034 gravidarum
903 2948 1078 3015 mulierum

45 3039 264 3130 3ext0rquere
296 3033 475 3096 tormentis.
523 3033 705 3096 saevrssimi
740 3034 882 3097 omnium
913 3032 1077 3099 Thracum

68 3112 232 3180 Scordisci
262 3114 370 3196 fuere,
402 3115 460 3179 sed
489 3114 649 3180 calliditas
676 3137 804 3203 quoque
833 3116 999 3181 ad-robur
1025 3136 1077 3181 ac·

42 3208 226 3267 arcesserat:
255 3197 411 3263 silvarum
432 3206 465 3261 et
484 3201 641 3262 montium
662 3201 742 3262 situs
764 3218 838 3263 eum
856 3200 987 3284 ingenio
1002 3220 1112 3269 con-as

68 3283 262 3348 sentiebant.
291 3284 400 3367 itaque
422 3303 488 3346 non
510 3283 601 3345 fusus
620 3283 707 3346 modr
735 3282 775 3345 ab
794 3283 844 3346 his
862 3291 917 3346 aut
933 3282 1075 3367 fugatus,

68 3366 123 3427 sed
153 3406 196 3416 -
223 3365 327 3431 simile
353 3365 503 3440 orodirrio
537 3404 571 3408 --
600 3387 695 3416 cmm·
771 3374 845 3420 >nem
878 3366 1075 3436 internectus
