2266 3832
90 196 133 257 74
443 203 551 253 raom
561 202 728 255 amous.

91 372 265 446 utcumque
283 358 418 440 ferrem,
441 358 469 422 si
487 354 597 441 plebei
608 355 708 421 duces
723 362 796 437 aut,
820 356 851 420 si
866 356 1010 441 nobiles,
1024 356 1097 423 muli

91 444 207 508 saltem
228 443 380 508 ducatum
397 440 514 506 sceleri
533 437 770 537 praebuissent.
791 448 864 503 tum
882 462 967 507 vero
979 478 1025 491 —-
1040 462 1096 527 pro

91 527 238 593 facinus!
258 563 300 575 —
335 526 370 589 ui
389 524 467 589 viri!
490 544 547 608 qur
567 523 793 607 imperatores!
816 522 941 589 decora
955 532 990 589 et
1009 544 1096 590 orna·

90 620 200 674 menta
222 630 297 673 saec
334 610 342 624 '
368 610 433 690 sui,
455 606 579 671 Marius
601 614 633 669 et
654 603 761 687 Sulla,
789 607 937 691 pessimo
958 606 1096 673 facinori

91 714 183 757 suam
204 693 302 755 etiam
323 691 516 775 dignitatem
533 688 762 775 praebuerunt.
1108 716 1118 755 r

63 768 81 819 ³
174 774 303 838 Bellum
324 774 422 839 civile
440 774 626 840 Marianum
645 773 715 837 sive
733 770 906 837 Sullanum
919 772 1044 856 trihus,
1063 782 1096 839 ut

91 861 138 924 sic
159 858 313 938 dixerim,
343 857 506 921 sideribus
534 856 692 940 agitatum
713 863 774 921 est.
805 856 951 942 primum
978 856 1048 921 levi
1066 866 1095 921 et

90 942 217 1007 modico
238 941 379 1004 tumultu
400 941 523 1005 maiore
564 960 639 1003 uam
660 938 762 1020 bello,
784 940 873 1003 intra
891 940 984 1025 ipsos
1007 939 1094 1021 dnm·

58 1032 179 1091 4taxat
201 1046 363 1091 armorum
385 1024 483 1088 duces
507 962 703 1087 subsaunes
723 1023 878 1105 saevitia3
904 1044 987 1089 mox
1014 1032 1093 1089 atro

88 1111 157 1174 cius
174 1117 206 1171 et
221 1109 402 1189 cruentius,
424 1129 484 1191 per
499 1107 603 1192 ipsius
624 1106 753 1170 viscera
773 1114 906 1171 senatus
920 1116 1117 1189 gruemteu

61 1192 245 1273 ovictoria3
267 1191 380 1256 ultimo
402 1212 468 1256 non
482 1190 619 1253 civicam
640 1189 750 1270 modo,
772 1189 832 1254 sed
848 1187 1005 1255 hostilem
1019 1211 1092 1277 quo·

86 1297 150 1362 que
172 1274 297 1339 rabiem
321 1297 418 1360 super
459 1294 568 1337 essum
591 1270 679 1360 [est],
709 1294 783 1337 cum
809 1293 975 1338 armorum
1005 1273 1093 1339 fruor

86 1360 187 1425 totius
210 1358 325 1424 Italiae
353 1359 417 1423 viri
440 1379 479 1422 us
505 1357 678 1437 niteretur,
708 1376 745 1419 eo
775 1378 879 1443 usque
907 1356 995 1423 odiis
1027 1376 1093 1423 sae-

86 1442 252 1507 vientibus
279 1450 447 1527 peractum
478 1448 541 1522 est,
571 1439 675 1504 donec
700 1439 852 1504 deessent
884 1440 944 1525 qui
968 1440 1092 1505 occide

86 1535 209 1591 rentur.
1097 1545 1119 1587 u

58 1615 77 1667 e
170 1608 304 1671 initium
325 1616 357 1670 et
378 1627 478 1671 causa
495 1605 575 1670 belli
593 1605 802 1692 inexplebilis
817 1606 979 1673 honorum
995 1607 1093 1673 Marii

84 1692 204 1771 fames,
227 1689 304 1753 dum
324 1689 488 1753 decretam
505 1688 616 1754 Sullae
634 1689 837 1774 provinciam
850 1687 999 1775 Sulpicia
1020 1690 1092 1775 lege

85 1774 249 1838 sollicitat.
275 1771 334 1836 sed
354 1772 516 1856 inpatiens
541 1773 680 1835 iniuriae
702 1772 812 1836 statim
830 1770 923 1837 Sulla
942 1772 1091 1858 legiones

84 1856 289 1941 circumegit,
312 1854 411 1919 dilato
434 1877 475 1919 ue
496 1854 687 1920 Mithridate
706 1854 879 1940 Esquilina
895 1854 1091 1943 Collinaque

58 1958 74 2007 7
108 1948 178 2004 orta
200 1939 364 2024 geminum
384 1960 424 2001 ur
447 1939 593 2023 iagmen
615 1938 746 2003 infudit.
774 1938 852 2003 inde
878 1959 953 2004 cum
974 1958 1122 2005 consu-u

84 1962 133 2088 les
150 2022 313 2110 Sulpicius
330 2031 361 2087 et
379 2021 606 2087 Albinovanus
627 2021 824 2086 obiecissent
838 2031 989 2087 catervas
1005 2046 1091 2105 suos,

85 2119 118 2173 et
142 2130 222 2173 saxa
241 2107 384 2193 undique
406 2128 427 2170 a
448 2104 618 2173 moenibus
638 2126 677 2168 ac
697 2104 764 2169 tela
791 2107 992 2188 iacerentur,
1022 2108 1093 2192 ipse

84 2214 214 2279 quoque
236 2190 395 2255 iaculatus
417 2191 569 2256 incendia
588 2189 677 2252 viam
698 2187 777 2252 fecit
798 2210 973 2274 arcemque
995 2189 1092 2276 Capi·

85 2276 166 2358 tolii,
190 2296 272 2361 quae
295 2274 423 2340 Poenos
446 2294 591 2359 quoque,
621 2292 704 2358 quae
733 2271 846 2337 Gallos
869 2273 969 2338 etiam
990 2272 1091 2338 Seno-

56 2376 144 2427 8nas
165 2366 328 2437 evaserat,
355 2358 450 2442 quasi
476 2358 638 2441 captivam
667 2356 772 2420 victor
797 2355 929 2420 insedit.
956 2364 1028 2421 tum
1049 2375 1122 2421 exos

84 2439 232 2505 consulto
255 2447 386 2503 senatus
401 2439 599 2503 adversariis
613 2437 760 2503 hostibus
779 2438 932 2503 iudicatis
948 2441 984 2503 in
997 2462 1091 2525 prae·

83 2531 209 2587 sentem
230 2521 397 2585 tribunum
417 2521 562 2607 aliosque
585 2522 736 2587 diversae
760 2521 913 2587 factionis
932 2523 1005 2587 iure
1022 2545 1092 2589 saa·

83 2607 188 2668 vitum
206 2614 271 2685 est3
293 2604 434 2670 Marium
450 2605 579 2669 servilis
596 2605 677 2690 fuga
689 2607 824 2687 exemit,
846 2607 943 2671 immo
958 2606 1092 2671 fortuna

84 2689 178 2752 alteri
198 2687 285 2754 bello
308 2689 499 2753 reservavit.

55 2778 73 2828 9
169 2770 320 2838 Cornelio
342 2771 448 2836 Cinna
461 2773 554 2839 Gneo
566 2773 702 2842 Octavio
717 2772 905 2839 consulibus
925 2772 1011 2837 male
1032 2773 1122 2839 ob·so

82 2864 191 2919 rutum
220 2857 402 2920 resurrexit
431 2857 631 2937 incendium,
659 2864 692 2920 et
719 2857 851 2942 quidem
876 2856 918 2922 ab
944 2858 1092 2941 ipsorum

84 2938 263 3020 discordia,
287 2961 361 3004 cum
377 2940 417 3004 de
434 2940 628 3005 revocandis
647 2960 727 3027 quos
741 2949 873 3005 senatus
884 2938 995 3006 hostes
1006 2940 1091 3005 iudi·

44 3028 217 3085 locaverat
238 3023 281 3087 ad
299 3022 454 3108 populum
475 3025 668 3106 referretur,
691 3025 798 3088 cincta
818 3024 949 3110 quidem
967 3023 1088 3107 gladiis

83 3104 248 3186 contione,
272 3105 331 3169 sed
352 3106 558 3171 vincentibus
581 3107 698 3194 quibus
718 3129 785 3206 pax
807 3117 840 3171 et
857 3106 947 3192 quies
970 3107 1087 3192 potior,

82 3186 178 3273 profu
225 3210 240 3251 s
265 3190 372 3273 patria
393 3211 452 3254 sua
475 3190 581 3257 Cinna
601 3190 748 3275 confugit
768 3192 811 3256 ad
832 3199 950 3276 partes.
986 3190 1120 3255 rediitss

83 3271 124 3336 ab
147 3272 263 3338 Arica
283 3272 407 3337 Marius
433 3274 526 3339 clade
548 3277 669 3356 maior;
700 3276 729 3337 si
750 3275 881 3360 quidem
901 3294 1013 3338 carcer
1035 3295 1087 3339 ca·

42 3364 195 3439 menae,
226 3355 305 3443 fuga
336 3356 472 3423 exilium
505 3358 773 3423 horrificaverant
795 3358 996 3441 dignitatem.
1027 3358 1088 3421 ita·

81 3458 144 3525 qu?
166 3440 210 3505 ad
230 3463 346 3508 numen
370 3443 450 3506 wlff
476 3443 531 3494 «νίν
570 3473 617 3494 a..
658 3462 736 3485 ,,,,,
738 3442 841 3496 ινιιῖί-ιιι
889 3438 1024 3502 servlfifl.
1042 3476 1056 3490 .
1078 3473 1089 3487 .
