2266 3832
1112 34 1118 145 ἱ

92 223 134 282 41
454 229 559 278 rnoru
570 227 736 277 nmrorrs.
829 229 833 235 ·
1030 244 1046 281 ο
1115 244 1122 387 q

93 393 129 447 ut
150 383 310 448 destinata
330 388 434 443 morte
454 380 489 442 in
508 379 668 463 proelium
688 386 830 459 ruerent,
854 399 930 442 cum
952 400 990 443 sc
1031 379 1090 441 rius
1120 394 1123 433 1

94 467 198 551 epulis
222 467 314 552 quasi
336 462 462 526 inferiis
483 460 706 545 implevissent
723 463 830 524 carnis
849 462 993 526 sernicru
1065 470 1092 525 et

94 550 212 631 celiae3
244 551 290 612 sic
317 554 434 609 vocant
460 544 648 627 indigenam
676 566 719 608 ex
738 544 902 610 frumento
922 546 1092 630 potionem.
1122 580 1129 627 ἦν

53 643 85 695 13
95 631 293 697 intellectum
321 629 362 692 ab
385 631 578 715 imperatore
603 629 788 710 consilium,
818 629 929 713 itaqua
960 649 1027 692 non
1053 636 1096 691 cst
1123 640 1130 699 1

93 717 251 800 permissa
268 735 377 800 pugna
396 713 571 776 morituris.
594 733 666 776 cum
682 710 772 776 fossa
788 721 886 797 atque
898 710 1003 775 lorica
1034 718 1111 774 nats

93 809 231 883 tuorque
260 798 373 860 castris
403 794 616 858 circumdatos
644 794 747 858 fames
767 802 948 880 premeret,
979 732 1097 859 aluos

95 891 223 945 orantes
241 879 409 965 proelium,
426 886 463 941 ut
478 887 642 963 tamquam
659 879 748 942 viros
763 877 936 958 occideret,
962 876 1022 941 ubi
1037 897 1098 941 non

55 985 87 1034 14
95 964 320 1048 impetrabant,
336 962 459 1046 placuit
474 962 609 1045 eruptio.
633 963 681 1025 sic
697 969 847 1025 conscrta
862 982 963 1025 manu
972 959 1098 1046 plurimi

96 1047 209 1127 occisi,
236 1056 267 1110 et
289 1066 362 1109 cum
382 1053 536 1127 urgueret
559 1044 676 1126 fames,
699 1044 935 1130 aliquantisper
956 1043 1035 1108 inde
1054 1043 1097 1106 vi-

94 1140 222 1193 xerunt.
249 1129 425 1193 novissime
443 1125 613 1191 consilium
630 1128 728 1210 fugae
748 1126 848 1207 sedit3
871 1126 930 1190 sed
948 1127 1013 1191 hoc
1024 1146 1120 1212 quo-n

97 1234 159 1298 quc
180 1215 283 1297 ruptis
310 1231 464 1296 equorum
486 1208 624 1291 cingulis
646 1231 765 1273 uxores
787 1210 955 1293 ademere,
978 1230 1098 1274 summo

55 1295 219 1359 lascelcrc
237 1318 296 1380 pcr
313 1314 464 1356 amorem.
492 1293 601 1376 itaque
618 1291 784 1377 deplorato
802 1294 894 1356 exitu
910 1294 946 1356 in
956 1292 1099 1356 ultimam

97 1378 221 1443 rabiem
233 1382 438 1462 furoremque
450 1376 607 1456 conversi,
618 1384 780 1460 postremo
791 1375 1010 1460 Rhoecogene
1021 1375 1099 1439 duce

98 1486 142 1543 sc,
164 1484 248 1543 suos,
270 1461 408 1546 patriam
430 1458 516 1521 ferro
538 1479 673 1539 veneno,
696 1458 840 1523 subiecto
862 1459 940 1542 igne
958 1459 1100 1545 undique

54 1561 87 1611 11
96 1553 301 1631 peregenmt.
323 1551 427 1605 macte
441 1540 535 1628 [csse]
547 1541 756 1605 fortissimam
767 1550 799 1605 61
808 1561 881 1605 meo
893 1541 1016 1606 iudicio
1028 1541 1123 1606 bean

95 1628 253 1690 tissimam
265 1628 300 1688 in
317 1627 396 1710 ipsis
414 1625 508 1688 malis
527 1625 702 1688 civitatem.
725 1624 871 1688 adsentit
886 1646 961 1688 cum
971 1624 1038 1690 fide
1055 1645 1100 1688 so

97 1712 174 1789 cios,
193 1708 347 1794 populum
365 1708 453 1772 orbis
471 1718 630 1771 terrarum
646 1707 770 1773 viribus
787 1706 905 1771 fultum
921 1716 991 1770 tam
1001 1727 1101 1793 parva

96 1813 194 1856 manu
217 1801 321 1856 aetate
349 1800 416 1855 tam
439 1790 537 1874 longa
558 1791 718 1855 sustinuit.
761 1791 938 1854 novissime
959 1792 1099 1855 maximo

99 1876 180 1940 duca
202 1896 357 1960 oppressa
377 1875 491 1938 civitas
508 1875 632 1937 nullum
654 1874 695 1937 16
719 1897 753 1938 se
774 1874 928 1957 gaudium
950 1873 1038 1937 hosti
1054 1894 1100 1936 rc-

58 1958 202 2044 aliquit.
239 1980 322 2022 unns
339 1959 424 2021 enim
445 1959 498 2021 vir
513 1955 729 2021 Numantinus
750 1978 815 2022 non
837 1956 900 2020 fuit
942 1959 978 2019 ui
999 1958 1035 2019 in
1051 1972 1126 2018 can

97 2043 182 2106 tenis
199 2042 386 2123 duceretur,
407 2042 537 2127 pracda,
555 2050 591 2104 ut
603 2040 642 2104 16
676 2041 877 2126 auperrimis,
889 2062 912 2102 n
948 2039 996 2104 la:
1015 2059 1102 2103 arma

99 2127 163 2212 ipsi
185 2134 421 2190 cremaverunt.
452 2124 633 2209 triumphus
653 2062 717 2187 hit
737 2133 862 2188 tantum
880 2123 921 2186 16
938 2125 1080 2188 nomine.

32 2226 69 2293 11,
78 2212 118 2276 19
184 2209 350 2274 Hactenus
360 2208 497 2296 populus
509 2209 673 2273 Romanus
690 2207 833 2294 pulcher,
846 2208 1008 2290 egregius,
1020 2207 1101 2292 pius,

100 2302 230 2356 sanctus
253 2293 358 2378 adque
377 2291 585 2376 magnificus,
607 2290 733 2438 reliqua
756 2290 886 2370 sacculi,
907 2298 944 2352 ut
964 2288 1102 2374 grandia

99 2396 211 2459 aeque,
230 2377 276 2438 ita
288 2376 342 2439 vel
352 2377 455 2458 magis
473 2374 604 2438 turbida
621 2382 653 2437 61
684 2375 775 2456 oeda,
794 2372 1017 2438 crescentibus
1029 2390 1129 2436 cuma

73 2458 171 2542 2ipsa
191 2458 414 2541 magnitudine
435 2458 562 2542 imperii
582 2457 688 2539 vitiis3
710 2457 791 2523 adeo
814 2465 859 2539 ut,
882 2457 911 2519 si
928 2457 1001 2540 quis
1021 2455 1102 2518 hanc

96 2541 226 2603 tertiam
248 2541 316 2603 cius
340 2548 477 2604 aetatem
496 2542 754 2622 transmarinam,
775 2562 873 2626 quam
893 2539 1104 2603 ducentorum

1 2669 2 2673 ,
100 2644 258 2686 annorum
276 2623 421 2704 fecimus,
444 2622 577 2705 dividat,
601 2633 728 2688 centum
750 2624 809 2688 hos
828 2625 963 2709 priores,
986 2620 1102 2721 quibus

99 2706 257 2787 Africam,
271 2706 504 2787 Macedoniam,
524 2703 660 2792 Syriam,
678 2707 872 2805 Hispaniam
893 2706 1026 2786 domuit,
1049 2724 1103 2767 au-

73 2794 181 2871 3rcos,
200 2790 283 2854 sicut
301 2799 415 2874 poetae
435 2798 562 2870 canunt,
579 2792 650 2855 iure
667 2800 846 2877 mentoque
865 2790 1016 2869 fateatur,
1029 2805 1131 2852 ceu-u

99 2884 167 2936 tum
186 2882 356 2958 sequentes
374 2873 497 2939 ferreos
511 2873 607 2958 plane
630 2884 662 2938 et
683 2883 831 2938 cruentos
855 2882 887 2937 61
904 2873 933 2935 si
950 2872 1030 2972 quid
1047 2873 1104 2934 im·

98 2956 242 3038 manius;
260 2957 378 3042 quippe
395 2956 511 3041 quibus
528 2978 601 3021 cum
617 2957 830 3041 Iugurthinis,
849 2955 1033 3037 Cimbricis,
1043 2955 1103 3018 Mi·

98 3038 289 3120 thridaticis,
306 3040 460 3125 piraticis,
477 3039 637 3104 Parthicis
655 3040 834 3123 bellis***,
853 3039 989 3105 Gallicis
1008 3047 1104 3123 atquc

101 3122 313 3204 Germanicis,
332 3122 448 3208 quibus
461 3125 586 3187 caelum
596 3125 702 3208 ipsum
720 3123 826 3208 gloria
836 3121 991 3204 ascendit,
1004 3122 1104 3186 orae-

101 3205 220 3271 chanas
237 3205 482 3292 Drusianasque
503 3207 630 3288 caedes,
648 3207 691 3271 ad
710 3207 772 3271 hoc
795 3207 928 3272 servilia
944 3204 1032 3270 bella
1045 3205 1133 3267 sni-³

76 3290 225 3355 tacuerit
236 3297 276 3372 ct,
287 3311 329 3352 ne
340 3289 417 3374 quid
504 3289 620 3353 'tudini
631 3290 723 3371 desit,
735 3290 939 3374 gladiatoria.
966 3288 1105 3373 denique

103 3374 139 3436 in
151 3374 267 3458 seipse
280 3393 454 3437 conversus
507 3374 627 3436 arianis
645 3381 740 3457 atque
760 3371 901 3439 Sullanis
927 3372 1104 3439 novissime

101 3454 240 3549 Pompei
262 3466 294 3521 et
316 3455 465 3522 Caesaris
486 3455 642 3521 manibus.
673 3457 756 3528 suasi
779 3479 836 3508 nor
864 3421 984 3518 rahiem
1006 3462 1038 3517 et
1055 3452 1105 3517 fn·
