2266 3832
32 198 73 246 ῃ
484 197 692 246 Praesumo.

33 339 129 395 Rhodi
141 341 179 407 E;
195 341 230 394 ei.
247 339 338 396 Strab.
353 339 426 394 XIV.
445 356 473 411 p.
484 341 536 399 676
555 331 569 417 Η
592 344 627 399 30
643 341 743 410 [coelo]
759 342 906 413 glossema
922 348 952 398 ul
967 359 1055 414 supra
1066 361 1123 415 quo·

34 439 89 494 que
106 427 122 487 S
141 428 187 480 15:
210 425 246 479 ei.
262 423 327 478 lsid.
348 422 424 494 Orig.
438 423 512 491 XVI,
527 427 559 480 4:
579 422 720 495 ‘Denique
740 425 770 479 in
786 425 890 496 templo
906 425 1033 497 quodam
1047 428 1125 501 luisse

38 508 157 561 Veneris
170 507 263 561 lanum
279 506 381 574 dieunt,
395 507 488 577 ibique
503 504 702 563 caudelabrum
715 512 742 561 et
753 508 783 562 in
794 525 829 563 eo
842 510 991 564 lucernam
1003 511 1125 565 subdivo

38 591 81 645 sie
97 589 256 656 ardentem,
277 595 306 645 ut
321 605 383 645 eam
394 591 470 645 nulla
486 595 653 662 tempestas,
664 592 757 646 nullus
772 591 860 645 imber
871 592 1089 664 exstingueret?
1103 586 1116 673 Η

33 678 68 729 st
86 673 209 744 Barpyla
229 672 290 728 Car.
310 673 379 728 Lud.
398 672 471 728 Roth
488 673 552 728 coll.
569 675 667 744 Polyb.
685 673 758 728 XVI.
776 680 810 733 lu
832 679 860 728 et
874 676 907 729 P.
928 676 1008 730 Mela
1026 683 1059 747 l,
1081 685 1126 739 ts:

33 758 147 826 Argyre
167 755 209 810 GE
224 748 236 833 Η
252 761 287 814 34
305 758 451 826 exstinpuit
463 771 515 810 nee
529 758 622 825 pluuia
644 758 832 828 asparpitW:
860 750 994 831 asparpit
1006 774 1059 817 nee
1068 764 1126 833 plu·

32 843 79 895 aia
93 841 239 910 enslinpuit
253 838 312 906 CE;
331 840 367 894 ci.
383 838 503 897 lsid.t.l.
520 832 533 916 Η
547 845 582 898 35
596 854 611 894 e
624 840 750 895 calamna
763 839 802 895 D:
817 842 947 896 columna
964 836 1016 919 11Η
1031 846 1126 904 371111-

34 924 79 977 len
96 947 136 981 *s
151 914 164 999 Η
179 921 339 993 Mapnesiae
353 922 391 975 ll:
411 926 575 979 marmesiae
591 921 611 978 C
626 914 639 1001 Η

120 1003 148 1075 9,
165 1013 182 1065 2
197 1005 292 1073 movet]
313 1021 349 1058 au
364 1004 504 1061 mouetur?
533 1008 568 1061 ei.
584 1021 669 1079 supra
682 1010 698 1070 s
713 1010 730 1065 9
744 997 758 1084 Η
777 1010 796 1064 3
811 1007 888 1063 aeds
903 1006 941 1063 G:
963 1010 1084 1067 acere
1102 1002 1115 1090 Η

33 1095 75 1144 est
97 1090 191 1145 omli
212 1083 224 1164 Η
248 1093 266 1145 1
286 1089 323 1143 ibi
336 1090 372 1156 et]
396 1087 568 1144 enatent
588 1081 602 1165 Η
621 1096 637 1147 5
659 1104 697 1143 en
712 1091 839 1145 crocalco
858 1081 873 1169 Η
893 1090 959 1147 rodi
974 1091 1013 1161 C;
1034 1092 1128 1151 naon

34 1164 86 1250 ΕΗ
101 1175 262 1228 colossicam
278 1171 308 1227 C.
324 1173 367 1228 Fr.
384 1173 573 1228 Hermannus:
589 1173 688 1229 colossi
701 1170 743 1227 ΟΕ
763 1163 778 1251 Η
796 1173 814 1229 6
828 1174 914 1229 aldim
930 1172 982 1243 **]
1003 1177 1128 1233 lacunam

33 1257 107 1311 vidit
125 1257 249 1311 Halmius
273 1247 287 1334 Η
308 1260 325 1315 9
345 1257 417 1323 †in]
438 1258 522 1311 allum
537 1255 559 1310 T
583 1250 596 1333 Η
618 1256 749 1315 liliatum
764 1256 802 1310 T:
817 1256 874 1312 laia
890 1250 938 1334 ΟΗ
961 1259 1032 1329 illic]
1048 1261 1127 1315 immo

34 1340 196 1395 Ecbatanis.
218 1331 232 1418 Η
253 1346 285 1397 12
300 1341 398 1394 rancia
415 1338 448 1394 e:
469 1340 599 1395 arietes
620 1331 633 1418 Η
655 1341 688 1396 rs
702 1339 811 1393 lamnae
825 1339 864 1394 w
880 1355 918 1395 ex
932 1342 1034 1412 Polyb.
1046 1342 1081 1410 11
1095 1346 1128 1399 m

35 1418 156 1498 (χρυσαὶ
173 1419 313 1490 imilco:
330 1424 436 1477 lancias
453 1421 488 1488 03
504 1424 616 1478 tanceas
629 1423 652 1476 E
666 1413 680 1499 Η
692 1419 807 1492 ferreas
817 1421 963 1493 sennem
977 1416 992 1504 Η
1008 1431 1042 1484 14
1056 1434 1126 1497 tepu-

34 1508 78 1560 las
100 1500 112 1583 Η
134 1514 167 1565 15
184 1513 248 1577 post
262 1511 336 1560 cocta
352 1504 372 1560 C
388 1505 466 1559 addit
479 1506 509 1561 id
520 1512 561 1560 est
573 1508 664 1574 calce,
685 1521 757 1579 quae
772 1508 859 1562 verba
881 1506 965 1562 eieci.
999 1507 1040 1565 Cf.
1055 1510 1125 1583 Hyg.

36 1591 93 1644 lab.
111 1594 178 1647 223:
210 1591 324 1643 ‘Murus
348 1589 376 1642 in
395 1589 549 1660 Babylonia
570 1605 651 1660 quem
673 1589 738 1645 iecit
752 1587 916 1645 Semiramis
940 1591 1029 1647 latere
1051 1599 1124 1649 cocto

35 1678 63 1726 et
95 1671 229 1741 sulphure
264 1673 337 1724 serro
364 1672 505 1726 vinctum’
541 1675 644 1741 (immo
670 1672 808 1739 iunctum)
834 1673 920 1727 latere
942 1674 973 1729 M
1000 1691 1036 1730 ex
1055 1676 1124 1747 Hyp.

35 1755 128 1824 tipice
141 1747 181 1831 ol
210 1760 242 1814 rs
255 1755 301 1808 aa
314 1753 351 1807 o:
372 1760 401 1809 a
416 1753 437 1809 c
451 1746 465 1831 Η
485 1761 519 1813 22
534 1773 632 1827 miquo
650 1757 731 1828 nigei
745 1746 807 1833 1123
820 1760 963 1812 anunm
979 1748 993 1835 Η
1015 1763 1051 1817 m
1065 1760 1122 1813 aa·

35 1839 162 1892 mandria
192 1831 197 1916 Ι
218 1843 252 1896 26
272 1837 319 1891 Ad
338 1845 420 1908 eaput
434 1837 471 1891 IX
491 1840 526 1893 es.
541 1837 598 1894 Cio.
615 1839 650 1893 de
666 1841 727 1894 Nat.
745 1839 775 1894 D.
794 1838 840 1896 111.
859 1856 883 1896 e.
903 1843 936 1898 16
959 1848 988 1895 et
1005 1845 1124 1899 11-13

36 1937 100 1976 eum
124 1922 275 1993 interpreti.
293 1919 379 1976 Clem.
395 1921 548 1976 Alexandr.
570 1924 597 1977 in
614 1939 766 1997 προτρεπτ.
781 1922 868 1990 initio,
890 1923 1048 1981 Arnobium
1064 1924 1123 1979 adv.

36 2012 135 2075 gentes
153 2013 180 2060 et
194 2008 234 2061 lo.
249 2004 319 2076 Lydi
336 2005 371 2059 de
389 2022 478 2060 mens.
492 2007 590 2060 librum
606 2013 740 2077 quartum.
761 1999 773 2081 Η
791 2004 875 2077 fuere
888 2006 932 2061 ael
943 2008 1001 2062 isse
1018 2011 1083 2064 iouis
1099 1999 1112 2085 Η

36 2089 79 2144 ael
93 2087 139 2142 uli
150 2092 178 2144 in
200 2092 257 2145 leco
274 2090 339 2144 deas
354 2090 473 2162 deasque
492 2081 505 2166 Η
526 2095 561 2149 stt
580 2090 658 2145 allide
675 2089 709 2145 C:
732 2088 831 2144 alinde
849 2089 887 2157 E;
908 2089 943 2143 ab
957 2090 1015 2145 Ida
1033 2090 1071 2159 T;
1092 2106 1124 2145 m

34 2170 153 2226 ibidem?
174 2166 187 2251 Η
211 2179 244 2231 32
264 2175 404 2229 victoriam
424 2172 457 2228 G:
483 2173 650 2231 ciclorumE
671 2165 684 2251 Η
704 2177 737 2231 35
758 2173 911 2242 Enoposle]
932 2174 999 2227 latet
1015 2174 1124 2241 forsitan

36 2256 117 2326 Enyo
133 2248 146 2334 Η
161 2264 254 2311 nester
269 2263 309 2310 cst
318 2256 400 2312 Mars
412 2258 434 2311 E
449 2249 462 2334 Η
477 2265 511 2317 36
525 2258 677 2327 Leucarpis
693 2255 926 2325 ezeeueaspisu
941 2246 956 2334 Η
970 2257 1052 2312 aliter
1065 2258 1088 2311 E
1100 2246 1114 2335 Η

37 2343 81 2400 §2
96 2341 137 2393 sic
153 2342 211 2393 sere
233 2339 427 2394 constituenda
448 2341 571 2395 videtur:
590 2343 698 2410 primus
714 2355 751 2394 en
765 2339 845 2410 Eupo
856 2343 937 2409 poste
953 2337 1008 2400 **,·
1030 2354 1125 2395 secan·

35 2421 89 2474 dus
109 2437 146 2475 ex
166 2422 231 2478 Ioue
251 2429 278 2475 et
296 2421 418 2490 Iunone,
439 2429 469 2476 ui
489 2418 549 2478 euin
563 2423 700 2479 Homerus
715 2423 790 2489 dicit,
802 2427 851 2480 ,est
869 2427 962 2477 noster
981 2420 1066 2479 Mars
1080 2438 1125 2479 seu

36 2502 191 2572 Marspiter
207 2512 234 2559 el
248 2506 317 2558 aller
330 2504 412 2558 Mars
426 2505 570 2577 Eupalius.
593 2507 629 2559 ei.
647 2506 726 2560 Iliad.
742 2506 777 2572 V,
792 2497 873 2580 3131]

126 2581 173 2660 10,
189 2595 203 2645 1
224 2587 280 2642 nera
293 2587 362 2642 oav.
379 2587 414 2641 au
432 2586 488 2643 eu.
505 2588 540 2642 ue
558 2590 618 2645 Nar.
634 2589 666 2642 u.
679 2595 706 2657 a,
721 2595 771 2647 21:
794 2586 894 2665 arare
914 2572 930 2666 Η
947 2588 1125 2657 smmum]

36 2669 194 2724 Zmintdeus
214 2671 242 2724 lll
258 2669 536 2742 edHyg.'ieb.106;
560 2673 664 2727 Lindus
678 2672 748 2727 Dav.
770 2662 784 2750 Η
804 2674 822 2727 t
838 2677 941 2742 pacton
955 2661 970 2750 Η
989 2677 1007 2729 5
1023 2672 1086 2728 Oria
1104 2676 1127 2727 et

38 2750 137 2821 Ioppe]
160 2753 240 2809 Caelo
265 2753 337 2820 Cic.;
361 2739 501 2827 Οὐρανοῦ
522 2749 572 2809 nai
590 2744 717 2829 Ἡμέρας
737 2757 757 2809 l.
778 2753 849 2826 Lyd.
869 2758 895 2819 t,
918 2757 960 2811 bi
997 2755 1044 2809 An
1065 2757 1128 2809 latet

36 2835 185 2905 Aethiope?
207 2828 220 2915 Η
241 2839 256 2894 7
273 2836 378 2891 Meliies
392 2838 444 2891 W:
460 2840 562 2893 melelis
581 2839 616 2906 C;
636 2838 724 2894 Mileii
735 2839 804 2897 Dav.
825 2829 839 2915 Η
858 2838 1022 2905 Senoniae]
1044 2838 1126 2893 immo

38 2919 179 2975 Coronidis
202 2937 236 2974 ex
259 2919 316 2974 Cic.
337 2912 350 2997 Η
371 2927 404 2978 10
427 2921 540 2994 Cyllenii
555 2922 641 2980 uia:
664 2923 775 2995 quilleni
790 2920 819 2977 C.
847 2921 883 2976 ei.
899 2918 980 2976 Serv.
997 2920 1034 2976 ad
1048 2922 1126 2992 Virg.

36 3003 109 3055 Aen.
126 3002 173 3071 IV,
190 3005 258 3062 sm:
289 3004 434 3073 ‘quartum
456 3008 511 3072 (se.
532 3006 713 3073 Mercurium)
733 3004 849 3077 Cyllenii
872 3003 989 3058 lilium'.
1021 3005 1067 3059 Au
1080 3020 1128 3075 po-

37 3086 91 3140 tius
113 3087 160 3156 qui
172 3088 229 3142 Nili
249 3103 284 3138 ex
301 3086 357 3142 Cic.
374 3093 400 3140 et
417 3086 506 3144 Arm?
529 3080 542 3168 Η
563 3096 594 3147 11
613 3090 692 3155 dicii]
708 3094 855 3160 exspectes
871 3086 998 3154 tradidit,
1019 3087 1129 3143 advexit

36 3172 84 3226 vel
99 3171 152 3224 lale
169 3171 244 3242 quid.
263 3163 276 3248 Η
299 3174 331 3228 11
343 3172 371 3224 in
388 3187 442 3228 om.
463 3162 476 3249 Η
498 3178 530 3229 15
548 3172 641 3229 Cranii
653 3174 705 3227 W:
721 3173 807 3229 Croni
819 3169 855 3238 C;
879 3170 1005 3226 Odtltonii
1019 3169 1051 3226 0.
1067 3169 1128 3224 lah-

37 3255 101 3308 nius
117 3246 130 3329 Η
148 3259 178 3313 l'i
193 3254 240 3310 obs
255 3254 290 3320 C;
309 3253 365 3310 Cic.
388 3253 453 3324 Upis
467 3257 512 3309 vel
527 3255 591 3323 Opis
606 3248 619 3334 Η
636 3255 737 3311 Glauce
750 3256 789 3310 W
805 3271 841 3309 ex
853 3253 915 3309 Cic:
932 3254 1034 3309 Glauco
1044 3250 1087 3308 OE
1101 3243 1115 3331 Η

38 3341 72 3394 18
85 3340 182 3408 Apollo
192 3340 291 3406 dictas]
307 3340 327 3392 l.
340 3336 411 3408 Lyd.
428 3337 541 3412 πρῶτος
553 3328 734 3406 ’Λπόλλωνος
748 3337 800 3393 τοῦ
809 3328 987 3409 Ἡφαίστον;
1002 3336 1128 3391 Halmius

34 3422 145 3488 primas
155 3423 288 3490 Apollinis
305 3423 356 3494 filii
381 3421 495 3475 Volcani
510 3423 584 3491 filius
605 3439 640 3476 ex
658 3421 714 3477 Cic.
735 3414 748 3490 Η
771 3424 803 3479 19
819 3421 894 3476 Elati
905 3420 944 3475 W
959 3435 996 3473 ex
1014 3419 1034 3473 1.
1054 3416 1126 3491 Lyd.

36 3504 64 3568 4,
78 3508 128 3561 90:
145 3504 199 3559 Lai
213 3504 255 3560 cu
280 3497 294 3578 Η
315 3505 554 3561 11·ιέ0111101Μμ
575 3504 680 3562 eamr·
710 3521 730 3540 u
756 3504 806 3559 lic.
822 3511 849 3558 et
864 3504 885 3558 1.
899 3501 980 3575 Lydo
1000 3492 1015 3583 Η
1034 3500 1128 3573 Alcip-
