2266 3832
80 200 141 264 108
445 208 710 259 sermnem

80 366 245 451 eliguntur
266 363 452 446 gratissima
468 372 527 427 est.
563 361 718 448 populum
734 360 845 442 vides,
871 382 892 425 o
912 360 1035 446 hospes
1056 368 1088 425 et

80 451 192 531 amice,
227 446 349 528 robum,
362 446 459 531 frugi,
471 447 624 533 quietum,
641 444 736 509 tarde
751 444 895 532 quidem,
905 452 958 509 set
967 443 1088 510 iudicio

81 533 175 618 hospi
222 552 282 594 em.
312 530 437 596 caelum
451 529 658 615 peculiariter
674 535 891 614 temperatum
907 529 1027 593 miscet
1041 529 1087 593 vi·

82 638 151 698 ces,
170 622 202 679 et
215 622 325 678 notam
339 614 427 678 veris
443 622 529 678 totus
548 635 653 677 annus
669 612 824 675 imitatur.
857 620 951 676 terra
971 609 1087 677 fertilis

82 699 203 782 campis
220 705 252 760 et
261 699 366 781 magis
377 695 514 761 collibus
524 734 569 747 —
578 718 656 761 nam
667 694 784 759 Italiae
798 696 886 759 vites
897 694 1045 761 adfectat
1058 702 1107 759 ets

82 803 152 847 com
174 788 246 843 arat
263 801 356 844 areas
378 817 422 828 -
439 781 581 845 serotino
594 800 661 845 non
680 778 843 843 erubescit
857 786 1028 843 autumno.
1060 778 1089 841 si

81 803 212 952 quiden
220 885 288 927 rem
298 865 448 948 pertinet,
462 865 577 927 civitas
583 864 656 949 ipsa
665 862 927 947 generosissimis
933 862 1087 948 auspiciis

81 949 245 1028 instituta;
276 968 351 1010 nam
374 956 504 1031 praeter
521 946 672 1012 Caesaris
690 944 827 1026 vexilla,
852 966 939 1031 quae
958 952 1088 1032 portant

83 1029 279 1115 triumphos,
300 1031 387 1095 unde
402 1052 520 1095 nornen
536 1030 676 1115 accepit,
694 1027 787 1093 adest
800 1030 901 1093 etiarn
914 1028 1087 1114 peregriua

83 1113 246 1180 nobilitas.
270 1116 388 1199 quippe
400 1115 429 1177 si
441 1123 554 1178 vetera
567 1112 688 1198 templa
697 1112 864 1212 respicias,
876 1112 932 1177 hic
944 1112 1003 1177 ille
1013 1111 1086 1176 coli·
1094 1132 1115 1173 ro

83 1210 136 1263 tur
148 1198 299 1283 corniger
309 1197 446 1283 praedo,
470 1198 527 1296 qui
537 1197 671 1283 Tyriam
681 1198 843 1281 virginem
859 1205 996 1282 portans
1014 1194 1088 1260 dum

81 1304 141 1367 per
160 1290 228 1345 tota
252 1283 354 1344 maria
374 1280 511 1363 lasciv1t,
531 1279 583 1344 hio
594 1280 704 1344 amisit
724 1289 757 1344 et
777 1280 941 1362 substitit,
964 1288 998 1344 et
1021 1279 1086 1343 eius

84 1386 182 1451 quam
202 1364 329 1429 ferebat
340 1363 460 1429 oblitus
472 1364 579 1429 subito
596 1372 743 1428 nostrum
757 1364 834 1428 litus
845 1364 1038 1428 adamavit?

168 1448 233 1512 Hic
245 1470 318 1512 cum
329 1469 389 1531 ego
404 1450 624 1533 respirassem,
638 1448 748 1511 statim
761 1447 914 1513 Baeticus
929 1455 975 1512 ‘o'
987 1446 1089 1533 inquit

86 1532 226 1597 ‘beatam
239 1532 412 1613 civitatem,
424 1553 507 1618 quae
518 1533 553 1595 in
563 1540 596 1595 te
608 1531 780 1616 fatigatum
793 1531 919 1596 incidit.
941 1552 1040 1617 quem
1049 1528 1115 1593 ado

83 1615 215 1679 modum
229 1623 337 1678 tamen
352 1624 384 1678 te
398 1617 618 1701 prosequitur,
636 1624 669 1680 et
705 1614 763 1678 uid
777 1614 832 1678 hic
845 1613 979 1698 agitur?
1004 1613 1089 1679 unde

85 1698 237 1762 subvenit
260 1698 408 1761 reditus?
445 1721 487 1762 an
508 1708 600 1784 pater
625 1698 667 1762 ab
720 1697 804 1767 frica
823 1697 1088 1763 subministrat?’

85 1781 174 1845 ‘inde
195 1802 301 1866 nequa
322 1802 412 1862 uam,
443 1803 516 1845 oum
536 1782 597 1846 hac
616 1784 689 1867 ipsa
708 1780 972 1866 peregrinatione
993 1781 1090 1847 offen·

85 1864 198 1929 derim.
228 1865 262 1926 in
276 1886 310 1927 re
337 1866 383 1929 'tu
397 1875 446 1929 est
460 1865 540 1928 mihi
554 1866 715 1951 professio
727 1865 931 1929 litterarum?
970 1873 1002 1931 ‘o
1023 1886 1091 1929 rern

84 1947 154 2012 indi
178 1948 360 2011 nissimam!
381 1957 413 2013 et
426 1970 522 2035 quarn
536 1970 639 2036 aequo
654 1948 720 2012 fers
732 1948 820 2012 istud
831 1948 956 2030 animo,
976 1948 1117 2014 sederes

85 2033 120 2096 in
131 2053 166 2096 sc
190 2031 251 2095 olis
267 2041 298 2096 et
314 2034 423 2180 pueris
436 2033 624 2119 praecipere
631 2031 660 2095 ‘i’
679 2032 722 2096 ad
738 2053 835 2119 quam
848 2031 936 2096 illius
955 2033 1090 2098 interro

88 2117 253 2202 gationem
269 2117 304 2180 in
341 2139 405 2182 unc
420 2116 551 2182 modum
563 2115 727 2201 respondi.
760 2123 839 2180 ‘non
856 2116 957 2181 miror
971 2124 1005 2181 te
1022 2116 1090 2180 eius

85 2221 173 2264 nunc
188 2221 259 2264 esse
268 2202 499 2286 persuasionis,
509 2222 572 2286 qua
587 2210 619 2264 et
629 2201 699 2286 ipse
706 2220 835 2286 quoque
841 2198 1034 2286 aliquandiu
1047 2199 1091 2263 la·

86 2283 212 2348 beravi.
235 2291 338 2349 totum
353 2285 440 2348 enim
456 2284 542 2371 quod
560 2283 613 2348 hic
627 2285 752 2368 egimus
767 2282 1025 2370 quinquennium
1046 2284 1091 2347 ita

85 2366 165 2430 mihi
179 2375 363 2450 pertaesum
375 2377 443 2431 erat
454 2367 548 2430 huius
562 2367 789 2452 professionis,
810 2376 847 2432 ut
863 2387 1025 2466 nusquam
1041 2367 1120 2431 Μ

87 2470 165 2512 vere
190 2458 338 2532 putarem
366 2449 530 2515 hominem
553 2451 764 2516 miseriorem.
807 2459 856 2515 set
877 2449 1017 2515 subinde
1041 2471 1091 2515 re-

82 2532 236 2599 tractanti
253 2540 437 2618 sortemque
458 2554 563 2597 meam
577 2556 650 2598 cum
667 2534 805 2599 fortunis
824 2535 941 2599 ceteris
960 2535 1091 2599 etvitae

93 2612 249 2681 aboribus
264 2614 444 2679 conferenti
461 2616 594 2680 tandem
610 2618 784 2704 aliqnando
800 2617 1008 2704 pulchritudo
1022 2638 1091 2681 sus-

87 2698 170 2783 cepti
196 2699 304 2782 operis
328 2701 488 2783 apparuit.
522 2701 606 2765 scire
624 2710 657 2766 te
678 2723 756 2787 ergo
770 2722 857 2766 nunc
873 2710 1002 2787 oportet
1019 2700 1090 2766 nul-

87 2804 152 2848 ium
175 2782 279 2845 maius
309 2782 493 2867 praedium,
518 2784 640 2848 nullam
661 2785 935 2870 procurationem,
962 2785 1121 2849 nullumso

91 2868 240 2931 'sonorem
260 2866 392 2930 decerni
414 2874 552 2952 quantus
571 2867 624 2932 hic
643 2871 687 2933 sit
711 2877 840 2933 nostrae
886 2869 1090 2934 rofessionis.

93 2969 201 3046 ‚sempe
219 2949 248 3011 si
262 2949 342 3012 mihi
355 2951 517 3015 maximus
531 2953 697 3037 inperator
711 2954 824 3034 vitem,
842 2891 886 3017 id
895 2962 945 3017 est
961 2962 1092 3020 centsmr

84 3054 231 3098 nomines
246 3033 407 3117 regendos
421 3035 624 3118 tradidisset,
646 3057 713 3101 non
729 3035 901 3101 mediocris
915 3036 1020 3102 honos
1034 3036 1091 3099 ha·

84 3116 172 3181 bitus
186 3115 267 3179 mihi
277 3116 461 3199 videretur3
481 3118 560 3184 cedo
577 3121 605 3182 si
618 3119 872 3219 praefecturam,
896 3121 925 3184 si
944 3121 1090 3186 tribuna-

84 3210 167 3264 tum:
188 3221 264 3263 nem
287 3200 409 3265 eidem
426 3200 543 3283 honos,
563 3203 628 3268 nisr
649 3202 735 3290 quod
752 3224 876 3268 meroes
890 3204 1039 3303 amplior.
1060 3204 1123 3268 sios

91 3306 163 3369 argo
175 3306 241 3349 non
255 3222 391 3367 gnesen,
409 3285 467 3350 sed
478 3285 623 3350 Fortuna
633 3285 694 3352 hoc
705 3307 808 3371 genus
824 3288 972 3352 stationis
983 3288 1090 3351 iniun-

89 3369 134 3432 sit
144 3369 192 3432 uti
202 3369 311 3508 pueris
322 3370 471 3453 ingenuis
481 3377 578 3455 atque
590 3370 734 3436 honestis
745 3371 974 3457 praesiderem,
982 3391 1090 3436 nonne

85 3449 142 3512 *ibi
158 3473 199 3524 pu
216 3452 325 3512 chrrrm
342 3452 443 3504 'ridan-
479 3461 566 3508 arnae
595 3453 788 3518 rraqrrr't'wurr
813 3463 1004 3519 consecutum
1019 3452 1089 3519 offi-
