2266 3832
245 300 455 361 tttsrotttnir
472 299 665 362 ROMANAE
685 304 725 376 lt,
747 314 790 364 al.
805 314 850 365 52·
997 305 1038 368 47

56 452 137 511 torio
152 453 263 524 iuerat,
280 453 379 526 ipsius
394 454 546 514 adventus
562 457 668 529 vigore
682 473 718 516 ac
734 459 853 532 fulgore
869 470 1037 535 occupatus

56 551 93 595 se
108 536 232 595 Caesari
249 537 385 605 tradidit;
407 544 536 612 uterque
551 540 718 613 legatorum
734 549 764 600 et
779 542 919 615 quisquis
935 545 1036 604 cuius-

56 636 119 695 que
135 618 251 678 ordinis
267 621 356 694 sequi
371 637 426 680 eos
443 623 593 691 voluerat,
609 625 730 683 remissi
747 625 784 683 ad
801 626 988 699 Pompeium.

139 702 186 760 Ll.
220 702 364 764 Proximo
390 721 470 763 anno
494 722 561 765 cum
583 707 803 783 Dyrrhachium
827 727 863 768 ac
888 709 989 770 vicina
1010 714 1068 771 eil

54 786 125 847 urbi
139 787 224 860 regio
240 788 349 847 eastris
361 788 485 863 Pompei
500 790 688 861 retineretur,
705 794 757 866 qui
772 794 876 851 accitis
889 809 928 851 ex
940 796 1036 854 omni-

54 870 114 931 hus
130 872 338 931 transmarinis
354 873 521 946 provinciis
537 875 722 947 legionibus,
744 878 880 950 equitum
895 893 931 935 ac
953 878 1036 951 pedi-

55 962 120 1015 tum
135 954 272 1025 auxiliis,
292 971 462 1030 regumque
478 965 508 1015 et
528 958 743 1018 tetrarcharum
766 960 917 1034 simulque
939 962 1035 1035 dyna-

57 1044 174 1099 starum
196 1038 294 1112 copiis
322 1040 482 1099 immanem
508 1042 675 1101 exereitum
701 1044 875 1103 coniecerat
899 1051 1036 1103 clinare

58 1120 222 1195 praesidiis
239 1124 397 1196 classium,
413 1130 447 1182 ut
459 1124 595 1196 rebatur,
612 1134 766 1199 sepserat,
783 1129 946 1201 quominus
963 1128 1035 1186 Cae-

56 1220 109 1263 sar
124 1204 261 1278 legiones
277 1217 386 1280 posset
406 1208 621 1280 transmittere,
646 1225 702 1268 sua
717 1218 747 1269 et
762 1212 914 1270 eeleritate
930 1219 960 1270 et
974 1213 1035 1270 lor-

58 1296 130 1348 tuna
145 1287 176 1346 C.
193 1288 307 1348 Caesar
321 1308 397 1351 usus
412 1290 484 1350 nihil
506 1291 536 1349 in
558 1308 643 1351 nrora
663 1292 782 1365 habuit,
806 1295 968 1366 quominus
986 1311 1033 1365 c0,

57 1388 126 1431 cum
138 1372 237 1446 vellet,
246 1374 314 1447 ipse
326 1375 542 1448 exercitusque
554 1375 705 1434 classibus
718 1378 889 1449 perueniret
900 1386 930 1436 et
938 1379 1034 1450 primo

57 1470 157 1533 paene
172 1458 280 1516 castris
294 1457 420 1532 Pompei
436 1475 494 1517 sua
508 1460 660 1531 iungeret,
681 1476 754 1517 mox
770 1461 858 1518 etiam
874 1460 1035 1519 obsidione

55 1541 314 1616 munimentisque
329 1558 397 1601 eum
413 1544 673 1615 conplecteretur.
697 1541 758 1601 Sed
774 1543 877 1617 inopia
893 1543 1067 1601 obsident

57 1626 138 1685 tibus
154 1640 245 1697 quarn
262 1626 400 1684 obsessis
416 1635 479 1684 erat
499 1627 630 1698 gravior.
656 1626 731 1685 Tum
745 1627 861 1686 Balbus
877 1627 1033 1686 Cornelius

56 1709 226 1768 excedente
254 1710 417 1768 humanam
443 1709 534 1767 fidem
560 1711 728 1769 temeritate
752 1712 912 1783 ingressus
934 1718 1035 1769 castra

56 1792 191 1852 hostium
205 1794 393 1868 saepiusque
409 1809 477 1851 cum
488 1793 615 1853 Lentulo
631 1796 812 1853 conlocutus
829 1797 964 1865 consule,
979 1794 1034 1852 du-

55 1876 170 1935 bitante
193 1877 296 1950 quanti
317 1893 352 1936 se
373 1877 533 1944 venderet,
560 1878 617 1935 illis
638 1878 831 1937 incrementis
853 1879 924 1937 lecit
945 1878 1033 1949 viam,

57 1959 185 2035 quibus,
207 1976 268 2019 non
283 1964 314 2019 in
328 1961 477 2033 Hispania
490 1978 530 2018 cx
545 1964 608 2019 ciue
628 1968 716 2019 natus
738 1963 796 2020 sed
809 1961 982 2034 Hispanus,
1004 1961 1033 2019 in

55 2043 241 2115 triumphum
264 2050 293 2099 et
314 2043 523 2116 pontificatum
545 2044 726 2116 adsurgeret
745 2045 893 2117 fieretque
914 2061 952 2101 ex
975 2045 1034 2116 pri·

54 2133 128 2185 vato
145 2126 327 2184 consularis.
349 2126 506 2184 Variatum
521 2126 631 2183 deinde
648 2127 781 2199 proeliis,
797 2128 851 2184 sed
869 2144 929 2185 uno
945 2127 1066 2198 tongra

55 2208 156 2282 magis
175 2207 368 2280 Pompeianis
397 2223 564 2281 prospero,
588 2225 648 2283 quo
673 2210 805 2281 graviter
825 2211 945 2282 impulsi
964 2220 1035 2268 sunt

56 2291 197 2351 Caesaris
217 2292 336 2351 milites.

138 2375 199 2435 th.
238 2375 311 2433 Tum
338 2376 451 2435 Caesar
480 2393 548 2436 cum
577 2377 712 2435 exercitu
741 2378 860 2435 fatalem
888 2376 1065 2438 victoriaci

57 2475 133 2520 suae
158 2459 346 2519 Thessaliam
370 2459 471 2534 petiit,
496 2460 675 2534 Pompeius,
701 2461 793 2533 longe
819 2460 942 2519 diversa
968 2459 1033 2517 aliis

57 2542 272 2616 suadentibuS,
296 2561 426 2619 quorum
439 2545 578 2619 plerique
594 2543 806 2617 hortabantur,
828 2545 904 2602 utin
919 2543 1034 2601 Italiam

55 2628 285 2699 transmitteret,
315 2636 430 2703 (neque
453 2629 594 2688 hercules
622 2628 784 2702 quiequam
812 2628 949 2701 partibus
975 2626 1033 2684 illis

56 2712 210 2771 salubrius
226 2713 293 2782 tuit)
314 2711 378 2783 alii,
405 2720 437 2771 ut
456 2711 568 2771 bellum
589 2713 736 2781 traheret,
762 2712 845 2786 quod
860 2710 1034 2785 dignatione

57 2794 186 2869 partium
203 2796 232 2854 in
247 2795 313 2854 dies
325 2795 402 2869 ipsis
413 2795 510 2868 magis
525 2812 706 2870 prosperum
719 2796 813 2858 fieret,
829 2812 904 2854 usus
919 2795 1034 2866 impetn

57 2894 115 2938 suo
141 2878 261 2938 hostem
287 2886 410 2938 secutus
437 2886 492 2937 est.
533 2881 639 2938 Aeiem
663 2878 869 2937 Pharsalicam
895 2887 925 2937 et
952 2879 1067 2935 illuma

57 2962 303 3022 cruentissimum
314 2964 454 3022 Romano
472 2962 584 3021 nomini
596 2963 674 3020 dicm
687 2969 862 3034 territumque
873 2963 1034 3033 utriusque

57 3046 210 3105 exercitus
226 3048 387 3120 profusum
402 3044 559 3119 sanguinis
574 3053 604 3103 et
619 3046 737 3104 conlisa
756 3045 834 3103 inter
848 3059 883 3103 se
898 3044 959 3101 duo
975 3043 1033 3101 rei-

57 3128 201 3205 publicae
221 3132 321 3204 capita
341 3129 553 3202 effossumque
572 3130 699 3188 alterurn
713 3128 842 3186 Romani
863 3126 969 3200 imperi
990 3126 1034 3183 lu-

57 3228 143 3287 men,
170 3220 215 3272 tot
236 3214 367 3288 talisque
387 3213 638 3287 Pompeianarum
663 3212 794 3287 partium
814 3226 924 3270 caesos
949 3210 1033 3268 viros

58 3313 120 3357 non
134 3296 244 3373 recipit
257 3298 428 3357 enarranda
441 3296 491 3357 hic
502 3298 672 3370 scripturae
686 3296 807 3354 modus.
837 3294 914 3354 illud
929 3300 1034 3353 notan·
1050 3304 1066 3352 3

57 3381 129 3441 dum
145 3388 207 3440 est:
235 3388 268 3441 ut
282 3380 412 3457 primum
427 3380 457 3440 C.
474 3381 586 3439 Caesar
600 3380 771 3439 inclinatam
789 3377 864 3439 vidit
875 3374 1034 3451 Pompeia-

57 3480 168 3523 norum
194 3466 305 3536 acient,
331 3480 432 3538 neque
456 3465 541 3538 prius
566 3480 666 3538 neque
691 3464 844 3537 antiquius
872 3462 1035 3535 quicquam

57 3548 177 3623 habuit,
197 3565 289 3625 quam
303 3548 332 3607 in
348 3547 447 3607 omnis
462 3548 557 3622 partis
572 3557 618 3621 (ut
632 3547 749 3608 militari
764 3556 795 3607 et
810 3547 902 3605 verbo
918 3554 948 3604 et
963 3560 1034 3603 con-
