2266 3832
440 224 519 306 1,45
535 225 598 313 [m,
614 225 676 314 10].
1018 229 1057 291 61

48 395 142 461 nullo
159 394 265 479 magis
281 392 420 477 exprimi
435 401 542 478 potest
559 413 656 478 quam
673 392 769 479 quod
785 391 878 456 elatis
897 415 995 478 super
1007 415 1060 457 ca·

71 489 109 544 ut
121 479 222 542 scutis
236 498 311 542 cum
328 496 364 539 se
375 475 536 539 testudine
550 474 710 539 barbarus
720 485 857 560 tegeret,
876 498 973 560 super
986 476 1060 623 ipsa

81 562 192 628 omani
211 568 303 624 scuta
323 556 496 637 salierunt,
525 568 557 623 et
577 559 653 622 inde
673 562 709 621 in
730 559 858 643 iugulos
880 558 983 642 gladii
1027 581 1058 623 e-

50 643 262 711 scendebant.
283 643 401 705 iterum
418 641 459 706 de
477 641 641 706 Germano
660 642 813 706 Tencteri
830 642 1058 727 querebantur.
1070 654 1105 705 14

27 728 105 794 thie
115 748 197 792 vero
213 728 279 790 iam
291 723 414 790 Caesar
429 724 515 789 ultro
525 724 697 788 Mosellam
712 725 823 789 navali
838 735 937 810 ponte
955 734 1060 788 trans·

49 811 200 897 graditur
219 811 390 909 ipsumque
404 808 554 872 Rhenum
577 818 609 872 et
623 808 713 873 Herc
758 811 799 872 iis
821 807 947 872 hostem
965 830 1061 894 quac·

48 896 95 959 rit
115 895 153 957 in
172 894 282 975 silv1s3
305 891 420 956 sedin
442 891 543 955 saltus
565 913 604 956 ac
623 891 701 978 palu
725 914 759 956 es
782 914 862 975 gens
879 894 983 956 omnis
999 890 1062 956 dif-

48 978 192 1063 fugerat.
214 984 340 1040 tantum
353 977 486 1060 pavoris
503 977 640 1039 incussit
657 977 743 1040 intra
757 977 861 1061 ripam
879 975 987 1040 subita
997 976 1060 1039 Ro-

48 1081 150 1125 mana
168 1061 231 1124 vis.
263 1079 325 1122 nec
346 1058 447 1122 semel
469 1059 620 1140 Rhenus,
647 1069 696 1122 set
717 1060 835 1122 iterum
856 1080 998 1145 quoque,
1028 1067 1061 1123 et
1074 1061 1107 1112 15

16 1160 44 1203 11
51 1142 186 1232 quidem
197 1151 297 1229 ponte
312 1140 399 1205 facto
415 1150 603 1228 penetratus
616 1152 675 1207 est.
697 1143 800 1207 maior
820 1142 985 1227 aliquanto
997 1150 1061 1205 tre·

47 1226 188 1327 pidatio.
226 1226 345 1324 quippe
370 1247 443 1289 cum
469 1226 619 1289 Rhenum
646 1247 740 1289 suum
767 1226 815 1288 sic
839 1235 939 1310 ponte
967 1226 1062 1312 quasi

48 1330 130 1399 rugo
141 1318 270 1458 captum
280 1308 438 1390 vaderent,
461 1309 541 1393 fuga
559 1331 671 1372 rursus
689 1310 724 1371 in
742 1308 841 1372 silvas
863 1317 894 1371 et
915 1307 1060 1393 paludes,

49 1402 95 1475 et,
115 1414 179 1479 quo
218 1391 463 1456 acerbissimum
481 1392 616 1458 Caesari
632 1391 703 1474 suit,
723 1413 789 1456 non
810 1391 901 1455 fuere
918 1393 974 1476 qui
990 1393 1061 1454 vin·

49 1485 216 1543 serentur.

15 1582 43 1625 rs
140 1559 299 1626 Omnibus
319 1568 407 1622 terra
424 1560 571 1644 marique
590 1560 772 1645 peragratis
793 1581 845 1623 res
869 1560 938 1622 enit
959 1557 1106 1623 Ocea-16

49 1665 133 1709 num
154 1654 195 1725 et,
218 1644 312 1728 quasi
333 1643 387 1706 hic
408 1643 562 1708 Romanis
586 1642 674 1707 orbis
695 1664 762 1706 non
784 1642 840 1706 suf
861 1652 958 1724 ceret,
981 1641 1060 1706 alte-

50 1748 127 1793 rum
158 1727 324 1812 cogitavit.
376 1725 481 1789 classe
519 1727 620 1810 igitur
654 1735 830 1812 conparata
856 1727 1061 1789 Britanniam

50 1811 171 1877 transit
195 1811 277 1874 mira
298 1809 480 1891 celeritate3
510 1811 628 1894 quippe
657 1811 713 1909 qui
737 1811 835 1874 tertia
855 1809 1062 1893 vigiliacum

50 1893 256 1961 Morinorum
278 1892 429 1959 solvisset
455 1901 602 1977 apertu,
629 1915 735 1956 mmus
763 1915 861 1979 quam
878 1892 984 1957 medio
1007 1892 1061 1957 die

15 1976 197 2047 ainsulam
216 1978 382 2061 ingressus
404 1984 462 2041 est.
491 1975 588 2060 plena
609 1986 701 2040 erant
721 1970 1104 2040 11111111111111011111111·17

52 2070 137 2142 tora,
159 2070 192 2125 et
212 2060 410 2144 trepidantia
426 2059 469 2123 ad
490 2069 698 2143 conspectum
717 2062 766 2123 rei
787 2080 893 2123 novae
908 2067 1062 2143 carpenta

51 2143 245 2229 volitabant.
284 2145 393 2229 itaque
414 2142 586 2228 trepidatio
614 2164 673 2226 pro
694 2144 833 2207 victoria
859 2142 931 2204 fuit.
972 2163 1062 2204 arma

54 2237 89 2293 et
110 2226 239 2293 obsides
261 2229 386 2313 accepit
408 2248 428 2289 a
445 2226 590 2312 trepidis,
613 2236 644 2289 et
665 2224 801 2289 ulterius
821 2227 909 2304 isset,
929 2225 994 2287 nisi
1012 2226 1059 2287 in-

52 2310 191 2398 probam
208 2309 345 2375 classem
366 2310 538 2395 naufragio
559 2311 750 2392 castigasset
768 2310 927 2373 Oceanus.
952 2329 1059 2372 rever·
1071 2312 1103 2363 18

15 2416 113 2460 111111
134 2395 233 2479 igitur
253 2394 288 2457 in
310 2392 451 2458 Galliam
457 2441 467 2474 ,
496 2393 600 2457 classe
625 2394 747 2457 maiore
772 2393 939 2477 auctisque
958 2393 1060 2477 copiis

53 2480 90 2542 in
110 2476 247 2542 eundem
267 2498 379 2540 rursus
402 2477 569 2540 Oceanum
590 2476 784 2561 eosdemque
806 2497 918 2540 rursus
933 2475 1060 2538 Britan-

52 2582 125 2626 nos.
157 2558 339 2625 Caledonas
361 2569 489 2624 secutus
511 2561 545 2624 in
565 2559 665 2623 silvas
685 2582 786 2624 unum
828 2582 871 2624 uo
894 2581 935 2623 ue
954 2581 996 2623 ex
1012 2580 1060 2622 re-

53 2642 151 2730 gibus
163 2644 185 2722 †
197 2643 348 2709 Casuella
357 2645 393 2706 in
403 2643 512 2708 vincla
525 2642 623 2707 dedit.
636 2583 960 2729 contenmsldsinon
972 2644 1058 2706 enim
1069 2655 1102 2706 19

53 2727 253 2814 provinciae,
274 2726 333 2790 sed
349 2728 473 2792 nomini
494 2726 696 2813 studebatur)
725 2749 798 2791 oum
818 2728 940 2790 maiore
963 2747 1061 2812 quam

16 2812 147 2899 soprius
166 2810 289 2898 praeda
309 2819 458 2875 revectus
481 2820 545 2891 est,
574 2812 644 2896 ipso
674 2833 800 2897 quoque
821 2809 952 2875 Oceano
974 2820 1061 2873 tran·

53 2893 158 2979 quillo
175 2895 279 2980 magis
297 2904 328 2958 et
343 2895 492 2979 propitio,
515 2895 609 2981 quasi
628 2896 775 2980 inparem
792 2896 823 2958 ei
840 2916 875 2958 se
893 2894 1059 2958 fateretur.

142 2976 208 3043 Sed
229 2980 372 3042 maxima
394 2979 535 3041 omnium
555 2978 731 3063 eademque
751 2980 929 3043 novissima
949 2978 1102 3042 conis-⁹0

53 3062 140 3125 ratio
156 3061 219 3125 fuit
231 3060 413 3126 Gallianum
430 3063 623 3126 communis:
642 3063 764 3147 pariter
780 3062 947 3127 Arvernos
962 3069 995 3124 at
1017 3080 1059 3122 ue

54 3144 233 3229 Biturigas,
256 3144 416 3209 Oarnutas
438 3144 532 3208 simul
555 3143 784 3231 Sequanosque
799 3147 971 3210 contraxit.
997 3084 1100 3206 lica.

18 3248 192 3313 escorpore
208 3229 306 3292 armis
322 3229 500 3314 spirituque
519 3226 689 3310 terribilis,
710 3231 839 3294 nomine
856 3231 952 3293 etiam
968 3227 1058 3312 quasi

56 3310 101 3377 ad
114 3320 272 3377 terrorem
288 3313 463 3396 conposito,
491 3312 741 3394 Vercingetorix
761 3311 817 3375 ille
837 3312 927 3376 festis
946 3309 1054 3374 diebus

57 3403 91 3459 et
109 3393 437 3474 conciliabulis,th
459 3395 737 3480 frequentissimos
756 3397 790 3459 in
812 3394 894 3458 lucis
914 3391 1044 3456 haberet

55 3474 221 3544 ferocibus
239 3477 334 3541 dictis
355 3477 397 3540 ad
418 3480 468 3539 ins
489 3479 650 3532 nristinurr
686 3477 840 3528 11Μν411ἰα
864 3477 964 3539 aravit
1004 3473 1044 3532 ab
1091 3519 1096 3528 .
