2266 3832
78 210 99 272 6
441 222 723 275 rnonrnrrron.

51 383 71 445 3
162 375 296 462 Excipit
306 373 501 459 Pompilium
510 373 651 439 Numam
661 374 777 441 'lirllus
786 375 963 462 Hostilius,
980 381 1036 445 eui
1051 381 1085 445 in

78 462 233 531 honorem
244 459 373 523 virtutis
383 479 521 543 regnum
536 459 621 523 ultro
639 459 758 523 datum.
786 459 842 523 hio
858 482 994 527 omnem
1003 464 1084 529 mili·

54 555 184 611 atarem
201 541 405 628 disciplinam
429 550 595 627 artemque
620 541 767 607 bellandi
783 544 941 609 condidit.
975 547 1083 635 itaque

79 632 195 693 mirum
217 628 252 690 in
274 625 405 690 modum
428 626 573 690 exercita
592 627 761 690 iuventute
781 648 964 713 provocare
986 652 1083 696 ausus

54 711 241 791 3Albanos,
265 731 399 794 gravem
415 718 448 773 et
463 709 519 773 din
535 711 715 808 principem
730 710 897 808 populum.
931 714 996 779 sed
1013 734 1083 779 cum
1100 740 1112 780 s

77 796 150 881 pari
160 793 276 858 robore
293 791 516 881 frequentibus
531 792 664 872 proeliis
678 801 808 878 utrique
827 796 1082 863 comminueren-

77 890 147 961 tur,
165 879 263 941 misso
281 877 316 940 in
334 897 396 941 con
419 881 550 940 andium
566 876 668 958 bello,
687 875 833 942 Horatiis
852 877 1083 969 Curiatiisque,

76 961 259 1046 trigeminis
276 960 352 1024 hinc
368 898 474 1046 adque
496 959 573 1024 inde
589 959 760 1042 frutribus,
783 962 954 1049 utriusque
970 963 1084 1063 populi

53 1046 147 1110 tfata
156 1045 315 1131 permissa
325 1052 410 1109 sunt.
434 1064 553 1142 anceps
565 1050 597 1107 et
606 1043 742 1141 pulchra
752 1046 916 1111 contentio
928 1054 1083 1135 exituque

78 1133 149 1216 ipso
160 1126 329 1191 mirabilis.
358 1127 464 1191 tribus
476 1148 593 1213 qurppe
604 1126 696 1191 rllinc
706 1127 899 1211 volneratis,
916 1130 998 1195 hinc
1006 1130 1112 1197 duom

77 1213 140 1278 bns
158 1212 289 1294 occisis,
307 1213 364 1298 qui
380 1219 547 1298 supererat
562 1209 717 1275 Horatius
735 1211 846 1277 addito
866 1212 911 1277 ad
927 1215 1084 1280 virtutem
1105 1286 1108 1291 ,

79 1297 164 1379 dolo,
180 1305 217 1361 nt
228 1295 423 1360 distraheret
439 1294 573 1375 hostem,
584 1294 713 1359 simulat
729 1294 841 1380 fugam
858 1297 1083 1385 singulosque,

54 1380 290 1530 llllltssll
310 1376 819 1527 Phllsstllllfflllll
832 1380 1085 1530 lln‘l'lll

79 1570 158 1611 mox
166 1545 342 1632 parricidio
359 1546 514 1610 foedavit.
543 1483 674 1608 fldntem
692 1546 797 1630 spolia
813 1511 900 1611 circei
917 1485 957 1612 ‘sle
968 1550 1113 1634 sponsis

79 1630 218 1716 quidem,
238 1639 287 1692 set
297 1629 409 1709 hostis,
427 1650 571 1694 sororem
588 1628 725 1694 viderat.
759 1629 845 1695 hunc
860 1640 929 1694 tam
944 1632 1084 1696 inmatu-

77 1736 150 1777 rum
164 1733 306 1776 amorem
316 1713 455 1796 virginis
473 1712 558 1776 ultus
578 1721 627 1775 est
643 1711 741 1778 ferro.
771 1715 914 1779 citavere
924 1714 1019 1861 lepos
1030 1736 1083 1780 nc·

53 1797 138 1879 olas,
159 1804 208 1860 set
225 1795 358 1859 abstulit
368 1797 471 1860 virtus
506 1796 707 1878 arricidium,
725 1805 758 1861 et
769 1797 895 1862 lacinus
913 1799 950 1862 in
964 1819 1005 1862 ra
1015 1799 1083 1884 glo

77 1882 160 1945 riam
171 1881 243 1945 fuit.
267 1901 328 1943 nec
343 1879 400 1943 diu
416 1880 451 1942 in
491 1879 530 1943 de
544 1878 703 1943 Albanus.
738 1902 814 1944 nam
823 1881 984 1946 Fidenate
994 1881 1084 1947 bello

78 1965 170 2029 missi
185 1965 221 2028 in
236 1963 392 2029 auxilium
408 1985 451 2028 ex
466 1961 597 2061 foedere
615 1963 817 2062 mediiointer
832 1964 914 2030 duos
928 1975 1114 2063 expectajtt

53 2071 156 2128 7vere
168 2050 342 2114 fortunam.
373 2048 432 2112 sed
447 2070 508 2112 rex
523 2045 659 2110 callidus
676 2046 734 2110 ubi
751 2048 908 2112 inclinare
919 2069 1028 2113 socios
1041 2047 1084 2114 ad

78 2132 205 2201 hostem
218 2134 322 2213 videt,
340 2132 425 2198 tollit
436 2133 575 2211 animos,
592 2131 687 2277 quasi
697 2131 901 2196 mandasset:
920 2153 995 2217 spes
1005 2132 1083 2197 inde

77 2220 208 2299 nostris,
220 2227 323 2282 metus
336 2216 493 2282 hostibus.
535 2216 582 2279 sic
606 2235 681 2278 raus
691 2215 894 2299 proditorum
904 2215 997 2279 irrita
1008 2216 1081 2280 fuit.

55 2302 190 2387 sitaque
207 2301 299 2365 hoste
316 2301 402 2364 victo
419 2307 584 2386 ruptorem
602 2297 743 2363 foederis
760 2299 899 2363 Mettum
914 2298 1083 2364 Fufetium

77 2385 251 2468 religatum
267 2386 351 2446 inter
372 2382 453 2447 duos
470 2402 582 2445 currus
600 2381 786 2467 pernicibus
810 2405 828 2447 e
850 2384 902 2447 uis
921 2382 1082 2465 distrahit,
1089 2394 1113 2435 ²⁵

77 2466 260 2551 Albamque
271 2467 375 2550 ipsam
386 2466 533 2550 quamvis
544 2473 726 2548 parentem,
744 2488 815 2530 aem
851 2487 903 2530 am
914 2474 1025 2530 tamen
1036 2467 1082 2531 di·

52 2551 157 2630 9ruit,
180 2571 254 2612 cum
274 2549 365 2634 prius
388 2569 499 2612 omnes
523 2568 600 2633 opes
622 2548 712 2612 urbis
735 2551 905 2636 ipsumque
926 2549 1083 2636 populum

78 2633 215 2697 Romam
229 2630 464 2713 transtulisset3
487 2652 621 2716 prorsus
643 2640 679 2694 ut
700 2635 943 2718 consanguinea
965 2634 1082 2697 civitas

79 2737 144 2780 non
154 2717 288 2800 perisse,
302 2714 405 2780 sedin
415 2736 508 2778 suum
519 2734 635 2799 corpus
645 2715 770 2781 redisse
781 2739 893 2781 rursus
902 2717 1081 2782 videretur.

65 2835 73 2874 r
164 2799 275 2863 Ancus
288 2799 405 2863 deinde
416 2799 568 2878 Marcius,
585 2819 686 2882 nepos
698 2798 852 2887 Pompilii
863 2823 906 2865 ex
915 2800 993 2882 filia,
1004 2821 1080 2866 raro
1090 2830 1114 2872 el

63 2884 223 2966 *ingenio
261 2884 272 2946 i
298 2884 361 2946 'tur
372 2891 404 2946 et
419 2903 511 2946 muro
527 2883 655 2945 moenia
673 2884 841 2968 amplexus
854 2893 917 2963 est,
938 2892 969 2948 et
984 2886 1083 2950 inter-

85 2965 231 3029 luentem
241 2905 315 3030 urbi
327 2965 517 3030 Tiberinum
533 2974 631 3049 ponte
653 2968 828 3050 commisit,
846 2967 1036 3053 Ostiamque
1047 2970 1083 3033 in

82 3050 254 3135 ipsomaris
264 3049 470 3135 fluminisque
481 3048 620 3114 confinio
632 3051 792 3116 coloniam
800 3053 924 3137 posuit3
937 3052 1002 3115 iam
1012 3060 1083 3116 tum

81 3132 231 3197 videlicet
238 3135 446 3280 praesaqiens
457 3134 564 3198 animo
575 3132 719 3198 futurum
729 3143 765 3199 ut
774 3136 872 3199 totius
882 3134 995 3198 mundi
1002 3156 1082 3221 opes

87 3226 112 3276 e,
123 3225 317 3282 commeatus
334 3217 390 3282 ilo
408 3217 498 3281 velut
514 3219 675 3283 maritimo
692 3218 783 3282 urbis
799 3217 941 3304 hospitio
957 3220 1115 3305 recipe-as

85 3310 200 3366 reniul'.

59 3420 72 3462 ,
165 3385 360 3472 Tarquinius
381 3394 493 3471 postea
510 3386 657 3467 Priscus,
682 3388 829 3472 quamvis
845 3387 1081 3451 transmarinae

81 3468 228 3540 (Wiffinis,
247 3490 381 3535 rnqmupn
394 3468 480 3520 ultra
496 3478 609 3520 aarum
627 3471 751 3524 nunquit
763 3469 799 3516 nh
817 3468 1006 3520 'ndrwssrium
1025 3469 1081 3529 ud-
