2310 3840
165 185 206 246 26
508 189 724 244 EUTROPII

164 361 246 431 gatus
258 359 354 412 contra
365 350 533 409 Antiochum
547 352 691 428 proiectus
704 360 756 410 est.
783 350 929 426 Hannibal,
950 352 997 428 qui
1013 368 1076 410 cum

164 436 306 495 Antiocho
323 441 392 508 erat,
405 433 495 492 navali
508 434 618 510 proelio
634 437 725 493 victus
738 442 792 492 est.
819 432 887 510 lpse
903 444 1004 510 postea
1018 434 1075 493 An·

166 520 277 578 tiochus
292 519 368 575 circa
384 516 511 592 Sipylum
524 516 559 576 ad
573 516 764 594 Magnesiam,
787 515 875 574 Asiae
887 519 1041 593 civitatem,
1059 537 1075 577 a

165 601 282 660 consule
300 598 432 658 Cornelio
448 599 583 676 Scipione
598 602 705 676 ingenti
721 599 832 677 proelio
845 599 924 658 fusus
941 609 994 659 est.
1017 600 1075 659 Au·

163 685 231 744 xilio
244 685 296 743 luit
310 684 442 741 Romanis
455 685 482 741 in
497 701 530 741 ea
543 700 636 760 pugna
650 682 803 759 Eumenes,
825 683 910 741 Attali
923 685 1000 761 regis
1019 684 1074 743 fra·

163 777 220 843 ter,
240 770 288 844 qui
300 766 464 825 Eumeniam
481 769 508 824 in
519 765 797 843 Phrygiacondidit.¹
819 765 925 825 nmilia
938 766 1073 844 peditum,

164 874 194 910 nr
207 853 332 927 equitum
344 867 380 908 eo
397 852 547 908 certamine
561 867 597 908 ex
613 859 692 927 parte
706 851 784 927 regis
797 851 894 909 occisa
911 859 984 909 sunt.
1004 848 1075 909 Tum

164 953 216 994 rex
234 932 390 1012 Antiochus
412 951 511 1009 pacem
527 935 618 1010 petiit.
652 932 756 992 lisdem
778 933 992 992 condicionibus
1011 933 1074 993 data

166 1027 209 1076 est
224 1035 240 1075 a
258 1025 372 1091 senatu,
394 1034 551 1094 quanquam
570 1019 663 1094 victo,
688 1017 789 1095 quibus
800 1025 869 1082 ,ante
888 1017 1074 1077 offerebatur:

164 1111 196 1160 ot
213 1120 252 1160 coe
264 1098 391 1177 Eoropc
407 1108 435 1160 et
448 1097 524 1160 Asta
540 1103 713 1177 recederet,
734 1108 825 1177 atque
839 1103 921 1161 detra
939 1099 1075 1161 Taurum

163 1204 197 1244 se
208 1185 374 1245 contineret
379 1206 392 1250 ‚·
416 1200 435 1243 x
450 1185 534 1244 milio
551 1185 731 1245 talentorum
747 1193 827 1244 clxx
844 1184 965 1244 obsides
977 1202 1074 1262 prce-

164 1268 265 1337 beret;
283 1266 494 1343 Hannibalem,
509 1270 690 1329 concitorem
701 1268 781 1344 tettt,
796 1268 931 1328 dederet.
954 1265 1073 1326 Eumeni

162 1353 224 1427 regi
241 1351 359 1410 donatae
371 1359 435 1409 sunt
448 1366 545 1410 omnes
556 1350 642 1410 Asiae
661 1352 805 1426 civitates,
831 1368 901 1428 quas
918 1349 1073 1410 Antiochus

161 1434 239 1494 bello
253 1434 422 1511 perdiderat.
450 1433 487 1494 Et
497 1434 627 1511 Rhodiis,
651 1437 698 1512 qui
715 1432 846 1493 auxilium
858 1433 992 1493 Romanis
1006 1451 1073 1516 con·
1136 1438 1147 1445 ‘

161 1527 203 1576 tra
221 1536 319 1593 regem
333 1516 502 1576 Antiochum
527 1517 663 1592 tulerant,
691 1516 794 1577 multae
812 1518 897 1590 urbes
915 1535 1073 1577 concessae

161 1609 234 1658 sunt.
265 1600 363 1676 Scipio
381 1601 498 1658 Romam
520 1600 619 1677 rediit,
647 1602 754 1676 ingenti
774 1600 865 1677 gloria
882 1601 1071 1683 triumphavit.

161 1683 272 1742 Nomen
289 1693 317 1740 et
331 1685 394 1760 ipse
411 1682 446 1742 ad
463 1684 646 1742 imitationem
667 1684 759 1742 [ratris
775 1684 927 1762 Asiagenis
947 1686 1070 1762 accepit,

162 1769 228 1844 quia
250 1765 346 1824 Asiam
368 1769 490 1839 vicerat,
512 1768 586 1825 sicut
608 1767 695 1826 irater
710 1769 799 1844 ipsius
816 1776 935 1845 propter
947 1767 1072 1826 Africam

31 1913 34 1922 ,
162 1849 293 1908 domitam
304 1849 453 1908 Africanus
469 1849 673 1927 appellabatur.

102 1950 158 1997 nu.
230 1933 280 1992 Gn
289 1953 316 1991 r.
330 1932 364 1991 V.
382 1934 484 2010 Spurio
497 1933 761 2009 PostumioAlbino,
777 1932 812 2005 Q.
822 1933 928 1992 Marcio
940 1933 1072 2012 Philippo

111 2019 241 2076 ³⁶⁰·coss.
263 2015 301 2074 ld.
317 2015 433 2074 Fulvius
454 2016 489 2075 dc
505 2015 615 2076 Aetolis
631 2019 818 2095 triumphavit.
847 2016 999 2093 Hannibal,
1024 2019 1072 2095 qui

160 2102 236 2159 victo
249 2099 406 2176 Antiocho,
428 2119 463 2158 ne
474 2101 607 2160 Romanis
621 2101 793 2176 traderetur,
814 2100 850 2159 ad
865 2099 1005 2177 Prusiam,
1026 2101 1072 2160 Ei·

160 2185 272 2259 thyniae
283 2202 396 2262 regem,
418 2184 547 2262 fugerat,
572 2186 709 2261 repetitus
722 2187 805 2243 etiam
822 2184 857 2242 ab
870 2202 906 2243 eo
919 2193 963 2243 cst
974 2202 1027 2261 per
1037 2183 1071 2244 Τ.

161 2266 321 2339 erinctium
333 2268 524 2327 Flamininum.
547 2267 584 2327 Et
601 2286 663 2325 cum
675 2268 824 2327 tradendus
836 2267 969 2328 Romanis
982 2273 1070 2345 esset,

163 2369 299 2410 venenum
317 2352 388 2409 bibit
405 2360 433 2409 et
450 2352 524 2428 apud
544 2349 689 2425 libyssam
706 2353 733 2410 in
754 2352 854 2411 linibus
871 2351 1071 2412 Nicomedien-

162 2435 234 2491 sium
247 2433 376 2509 sepultus
392 2442 446 2491 est.

226 2514 308 2576 Car.
325 2515 373 2574 VI.
392 2514 474 2595 (ΙΙΙ.)
504 2516 635 2594 l‘hilippo
652 2536 721 2595 rege
741 2516 926 2578 Macedoniae
947 2527 1069 2595 mortuo,

163 2601 209 2678 qui
227 2609 255 2658 et
266 2599 414 2659 adversum
429 2599 571 2660 Romanos
586 2600 690 2659 bellum
702 2611 842 2678 gesserat,
856 2610 885 2661 et
900 2611 1001 2679 postea
1012 2602 1070 2660 llo-

160 2685 248 2743 manis
265 2692 361 2743 eontra
372 2682 540 2742 Antiochum
555 2684 686 2744 auxilium
702 2685 820 2761 tulerat,
837 2685 910 2744 lilius
929 2687 991 2745 eius
1004 2684 1059 2744 Per

161 2786 228 2826 scus
241 2768 268 2826 in
279 2766 445 2827 Macedonia
460 2767 608 2827 rebellavit
622 2770 783 2845 ingentibus
801 2770 893 2846 copiis
913 2768 949 2830 ad
965 2769 1071 2829 bellum

161 2852 275 2927 paratis.
291 2850 362 2910 Nam
372 2850 514 2910 adiutores
526 2852 645 2911 habebat
656 2850 760 2930 Cotyn,
771 2851 908 2912 Thraciae
919 2871 1027 2930 regem,
1042 2861 1071 2911 et

160 2933 277 3011 lllyrici,
290 2934 418 2994 Gentium
429 2937 549 2995 nomine.
571 2935 705 2996 Romanis
713 2945 805 2995 autem
817 2939 845 2997 in
851 2937 982 2996 auxilium
992 2945 1071 2995 erant

160 3016 318 3092 Eumenes,
335 3017 421 3076 Asiae
435 3037 496 3094 rex,
514 3018 675 3078 Ariarathes
688 3018 898 3097 Cappadociae,
911 3019 1069 3079 Antiochus

162 3099 273 3178 Syriae,
283 3100 603 3182 PtolemaeusAegypti,
616 3102 764 3162 Masinissa
775 3103 933 3164 Numidiae.
955 3101 1069 3163 Prusias

161 3193 254 3243 autem
269 3184 432 3263 Bithyniae,
458 3204 614 3264 quanquam
630 3203 758 3246 sororem
773 3187 870 3247 Persei
887 3204 1003 3246 uxorem
1020 3187 1068 3246 ba·

94 3266 256 3343 nuberet,
281 3271 407 3347 utrisque
431 3288 463 3328 sc
485 3288 604 3348 aequum
624 3271 761 3348 praebuit.
800 3271 865 3331 Dur
878 3271 1067 3330 Romanorum

101 3357 147 3400 ⁵8¹·
162 3351 192 3410 P.
206 3351 328 3411 Licinius
344 3353 444 3412 consul
457 3363 553 3413 contra
571 3373 633 3413 eum
648 3357 751 3414 missus
766 3364 810 3414 est
829 3364 857 3414 et
869 3373 885 3415 a
897 3372 967 3432 rege
986 3355 1067 3431 gravi
