2266 3832
340 578 693 662 Pntullttu.

425 760 621 771 us———n—-n

57 869 174 948 Florum
182 892 216 945 ab
227 889 353 946 Ottoue
369 887 453 943 lahn
462 890 495 943 io
509 905 563 959 ope
577 887 683 942 codicis
691 886 907 956 Bambergensis
921 888 958 942 ita
971 903 1064 942 emen-

10 981 67 1030 tum
80 975 250 1045 accepimus,
267 979 297 1028 ut
309 974 388 1044 quasi
401 989 492 1030 novus
505 973 623 1043 scriptor
635 970 774 1025 videatur.
795 970 862 1026 Eius
872 973 1065 1028 recensionem

10 1076 36 1112 m
52 1073 286 1130 recognoscerem
302 1057 436 1127 optimum
453 1055 579 1110 codicem
594 1055 686 1124 ipsum
708 1053 745 1107 ad
759 1069 858 1109 manus
878 1055 1002 1122 habens,
1024 1054 1065 1108 di-

10 1143 156 1198 entissime
176 1142 253 1196 illum
270 1139 382 1210 quidem
398 1141 528 1194 collatum
549 1138 661 1205 inveni,
682 1143 711 1191 ut
728 1153 871 1207 perpauca
885 1155 959 1194 nova
975 1154 1064 1210 eaque

10 1242 32 1279 ·e
51 1229 80 1280 in
98 1226 205 1280 rasuris
223 1223 336 1278 latentia
354 1238 452 1276 eruere
469 1238 602 1293 possem,
628 1220 694 1288 sed,
712 1226 741 1274 ut
760 1226 823 1275 sunt
840 1237 929 1291 opera
943 1222 1065 1277 humana

11 1310 151 1378 perlecta,
168 1323 227 1362 rem
244 1305 351 1372 detexi,
374 1321 429 1375 qua
440 1307 571 1376 princeps
586 1305 670 1360 huius
688 1305 832 1374 scriptoris
846 1304 932 1359 editio
946 1304 1001 1359 hoe
1015 1321 1065 1358 no·

13 1407 46 1445 ne
64 1406 133 1446 vere
148 1390 233 1462 digno
246 1390 367 1460 aliquam
382 1390 474 1443 labem
496 1389 586 1443 traxit.
619 1389 689 1442 Nam
707 1403 770 1441 cum
787 1387 900 1443 Iahnius
912 1387 948 1442 ad
968 1387 1065 1442 editio·

10 1491 38 1528 m
55 1474 204 1541 Seebodii,
226 1473 272 1544 qui
289 1473 372 1528 novis
387 1474 551 1550 lectionibus
566 1471 673 1527 codicis
685 1471 903 1542 Bambergensis
921 1478 1064 1541 praestan-

10 1559 89 1614 simis
106 1557 242 1629 neglectis
264 1556 293 1609 in
311 1558 461 1611 verborum
478 1561 635 1611 contextum
653 1571 709 1609 non
721 1554 874 1610 admiserat
889 1556 943 1610 nisi
957 1571 1064 1625 paucas

10 1642 185 1700 tendationes
197 1641 334 1706 leviores,
356 1638 484 1694 codicem
500 1640 677 1707 contulisset,
693 1638 746 1694 sed
760 1642 918 1710 exemplum
934 1639 1064 1694 editionis

10 1725 138 1796 pontinae
157 1742 173 1780 a
188 1741 218 1779 se
234 1729 389 1777 correctum
403 1724 515 1778 librario
534 1722 711 1791 tradidisset,
732 1724 829 1778 nescio
850 1740 904 1794 quo
920 1729 1002 1794 pacto
1018 1739 1064 1777 ac-

10 1809 87 1864 litut
105 1810 210 1878 aliquot
226 1809 316 1862 bonae
331 1807 465 1860 lectiones
494 1823 512 1861 a
532 1805 672 1862 Seebodio
697 1807 787 1876 primo
808 1822 844 1859 ex
863 1807 1064 1878 Bambergensi

10 1898 104 1962 ceptae
121 1893 150 1946 in
169 1888 381 1944 transcribendo
397 1890 689 1959 praetermitterentur,
717 1890 773 1943 llas
787 1906 857 1960 ego,
877 1895 909 1944 ut
924 1906 975 1960 par
995 1897 1063 1957 erat,

10 1973 75 2028 duxi
94 1981 120 2027 et
133 1982 235 2044 quanta
246 1973 324 2042 potui
344 1987 411 2026 cura
422 1971 451 2025 id
465 1974 511 2042 egi
529 1977 557 2027 ut
573 1972 685 2026 tandem
696 1973 793 2027 Florus
811 1971 847 2026 ad
858 1972 942 2027 fidem
958 1958 1064 2028 codicis

14 2058 113 2127 paucis
127 2057 233 2128 egregii
251 2054 463 2126 diligentissime
478 2055 646 2126 exigeretur.
675 2056 822 2108 Praetereo
838 2057 918 2109 trium
935 2056 1064 2111 codicum

10 2139 119 2208 rdanis,
143 2156 212 2210 quos
233 2139 294 2208 ipse
317 2153 498 2192 excusseram
520 2141 564 2204 (v.
581 2137 669 2191 Iahnii
690 2138 778 2207 prael.
798 2155 827 2208 p.
844 2138 908 2204 Vll)
931 2139 1063 2195 lectiones

12 2225 147 2279 rlustrans
167 2223 314 2278 nonnullas
331 2223 421 2276 bonas
438 2221 548 2288 inveni,
571 2237 641 2291 quas
653 2218 766 2276 lahnius
786 2220 909 2275 nondum
930 2222 956 2275 in
974 2224 1063 2277 lucem

10 2312 158 2362 otraxerat.
192 2306 223 2360 ln
243 2305 298 2359 hoc
319 2304 417 2360 iterato
436 2321 498 2358 cum
511 2306 592 2360 Floro
605 2304 805 2375 Bambergensi
821 2312 848 2359 et
859 2320 921 2359 cum
937 2305 1063 2361 lordonis

12 2390 121 2446 dicibus
139 2390 306 2446 commercio
322 2387 383 2442 lieri
401 2403 457 2442 non
474 2389 563 2458 potuit
577 2395 607 2443 ut
624 2404 681 2441 uon
695 2389 799 2458 aliquot
813 2391 889 2443 locos
902 2405 938 2442 ex
950 2390 1062 2461 ingenio

11 2475 156 2546 rrigerem,
174 2489 291 2544 quorum
303 2470 460 2526 emendatio
473 2472 541 2526 mihi
556 2471 679 2526 nondum
691 2478 872 2535 successerat
890 2488 952 2526 cum
966 2472 1062 2528 lahnio
1082 2528 1089 2539 „

12 2559 70 2612 icas
86 2575 102 2612 a
120 2574 164 2611 me
183 2558 322 2612 sublectae
339 2556 492 2625 impertiri,
516 2555 568 2611 sed
579 2554 655 2626 quod
671 2556 752 2610 etiam
771 2557 851 2626 plura
868 2554 1016 2611 emendare
1032 2559 1063 2612 li·

10 2644 47 2708 it,
64 2641 93 2695 id
110 2646 255 2710 acceptum
271 2639 362 2693 resero
380 2638 469 2694 doctis
482 2639 595 2708 amicis,
616 2639 857 2710 Bezzenbergero,
877 2637 1062 2709 Mommsenio,

10 2726 134 2796 longolio,
161 2722 333 2793 Woelfflino,
353 2721 408 2776 Ed.
433 2722 569 2794 Wurmio‚
593 2723 639 2793 qui
658 2739 724 2777 suas
743 2724 917 2776 coniecturas
937 2722 972 2777 de
989 2740 1062 2778 com·

10 2810 102 2863 nribus
120 2807 189 2861 locis
207 2805 363 2876 desperatis
384 2821 494 2860 mecum
512 2806 796 2863 communicaverunt.
834 2806 864 2860 ln
884 2805 1054 2862 adnotatior..

13 2898 68 2947 tem
85 2891 181 2946 critica
198 2890 322 2945 subiecta
337 2904 434 2944 omnes
446 2890 524 2944 locos
541 2889 679 2957 indicavi,
702 2891 729 2943 in
744 2891 842 2961 quibus
858 2905 920 2945 mea
934 2892 1050 2944 recensi»

23 2974 157 3030 lahniana
172 2973 327 3042 discrepat,
346 2988 401 3042 qua
416 2974 443 3027 in
460 2988 490 3026 re
509 2974 553 3028 his
571 2974 642 3028 notio
659 2991 720 3016 ’ψη
750 2991 801 3016 uun

100 3058 122 3112 B
135 3079 178 3105 =
192 3056 283 3112 codex
294 3056 512 3126 Bambergensis
522 3058 606 3111 Flor..

99 3141 124 3195 N
137 3161 181 3190 =
192 3140 283 3196 codex
293 3140 466 3194 Nazarianus
482 3141 566 3195 Flori.

100 3226 111 3279 l
137 3248 179 3276 =
190 3224 303 3278 codices
321 3222 448 3278 iordanis
462 3226 505 3294 (v.
522 3225 610 3279 lahnir
624 3251 708 3296 pra...
726 3259 743 3295 p
778 3247 806 3278 v.
820 3259 888 3295 squ,

100 3309 129 3362 lb
144 3332 178 3360 =
190 3308 281 3363 codex
292 3307 508 3379 Bambergensis
523 3308 656 3364 historiae
667 3310 809 3362 miscel're
844 3324 915 3378 ruas
929 3327 1022 3364 exce„
1042 3331 1052 3348 ··

192 3408 226 3446 ex
240 3392 323 3447 Floro
344 3393 475 3446 continet.
503 3393 577 3448 Haer
595 3394 715 3452 incioinr
796 3427 800 3432 -
826 3395 868 3440 ⁴³⁵
884 3395 974 3447 ‘lanne
991 3392 1022 3432 ²¹⁴·
1040 3412 1050 3428 ..
