2266 3832
413 216 549 296 urnsu
579 217 609 272 x.
926 208 964 272 75

54 382 183 442 mediae
176 400 203 440 rn
215 378 280 438 villa
291 378 405 456 publica
417 380 497 438 obiit.
527 378 694 442 Denuntiata
706 394 781 436 mors
802 378 864 436 eius
883 377 966 435 etiam

54 485 106 545 per
117 462 370 539 crinitamstellam,
383 480 456 541 quae
468 464 616 521 inusitatae
628 459 966 539 magnitudinisaliquam·

53 551 100 608 dnn
114 548 203 615 iulsrt
227 566 288 606 eam
302 545 403 606 Graeci
415 565 561 625 κομητην
577 552 689 604 vocant
719 543 813 622 Atque
828 546 901 605 mter
917 543 966 602 Dr

53 651 106 692 vos
122 634 222 690 meruit
235 631 344 690 referri.

119 716 205 774 cnr.
218 712 268 774 lX
281 714 347 792 (V.)
375 713 567 772 Successores
580 713 654 772 idios
666 722 724 772 tres
737 713 861 790 reliquit,
882 722 1018 790 atquer.

55 817 137 858 unum
150 799 242 858 fratris
255 797 349 856 lilium.
372 795 635 856 VerumDalmatius
645 795 761 872 Caesar,
777 799 967 874 prosperrima
980 791 1037 834 ⁰³⁴·

54 882 149 941 indole
166 900 259 959 neque
277 888 376 958 patruo
392 879 538 955 absimilis,
567 880 639 940 haud
655 881 742 940 multo
761 889 826 958 post
846 897 966 957 oppres·
978 860 1024 901 ³³*

55 981 102 1024 sus
115 975 159 1024 est
171 966 294 1025 faotione
303 963 412 1022 militari
424 961 635 1039 etConstantiO,
649 964 781 1106 patruele
784 981 847 1040 suo,
857 966 966 1023 sinente

54 1051 149 1127 potius
171 1066 252 1126 quam
272 1048 395 1107 iubente.
430 1045 640 1107 Constantinum
661 1064 747 1125 porro
769 1010 847 1107 iratrl
862 1047 966 1106 bellum
993 1070 1018 1110 r

55 1134 222 1192 inferentem
245 1141 273 1190 et
290 1130 364 1208 apud
380 1130 540 1211 Aquileiam
558 1131 744 1190 inconsultius
762 1132 899 1209 proelium
917 1150 964 1208 ag·
979 1138 1034 1179 CN·

54 1233 185 1294 gressum
198 1214 358 1273 Constantis
378 1214 465 1273 duces
485 1217 693 1274 interemerunt.
728 1213 770 1274 lta
792 1234 838 1273 res
856 1214 967 1293 publica
979 1206 1024 1246 ³⁴⁶

55 1299 90 1359 ad
102 1299 173 1358 duos
185 1298 330 1375 Augustos
342 1288 466 1357 redacta
487 1296 668 1357 Constantis
660 1300 806 1376 imperium
825 1308 966 1357 strenuum

56 1381 226 1460 aliquamdiu
244 1391 273 1439 et
291 1383 392 1440 iustum
404 1382 465 1440 fuit.
495 1381 563 1440 llox
579 1400 642 1440 cum
655 1381 872 1440 etvaletudine
864 1398 967 1459 rmpro·

56 1484 140 1543 spera
154 1474 182 1523 et
193 1466 291 1523 amicis
303 1465 479 1543 pravioribus
494 1475 632 1541 uteretur,
654 1465 688 1524 ad
708 1467 803 1542 gravia
821 1467 887 1524 vitia
902 1483 968 1525 con·

56 1567 168 1624 versus,
183 1566 246 1606 cum
257 1547 442 1608 intolerabilis
456 1549 685 1627 provincialibus,
698 1549 830 1608 militibus
842 1549 968 1608 iniucun-
995 1587 1021 1628 p·

57 1634 108 1691 dus
129 1641 224 1705 esset,
246 1631 370 1691 factione
393 1631 544 1709 blagnentii
567 1635 680 1692 occisus
707 1642 760 1691 est.
800 1633 876 1693 Obiit
896 1631 1036 1698 handen.

58 1718 143 1794 longe
155 1717 189 1775 ab
201 1714 343 1793 Hispaniis
359 1718 386 1776 in
400 1724 503 1792 castro,
521 1719 565 1775 eui
578 1716 704 1776 Helenae
716 1733 818 1776 nomen
830 1724 883 1792 est,
897 1733 968 1776 anno
981 1724 1026 1768 ³⁵⁰·

57 1801 166 1877 imperii
183 1799 292 1858 decimo
309 1801 444 1876 septimo,
470 1803 568 1859 aetatis
584 1802 749 1878 trigesimo,
773 1802 858 1859 rebus
878 1810 969 1860 tamen

59 1883 183 1961 plurimis
197 1891 310 1941 strenue
328 1884 355 1941 in
371 1883 468 1942 militia
479 1885 586 1960 gestis,
605 1886 799 1960 exercituique
816 1901 867 1961 per
885 1901 968 1943 omne

57 1969 131 2026 vitae
144 1975 253 2044 tempus
269 1968 331 2025 sine
341 1967 420 2042 gravi
433 1966 598 2026 crudelitate
616 1967 760 2026 terribilis.

121 2051 171 2109 tin
180 2070 205 2108 r.
218 2049 254 2108 Χ.
268 2047 348 2128 (Vl.)
368 2049 488 2108 Diversa
500 2048 656 2109 Constantii
670 2051 779 2109 fortuna
792 2051 852 2109 luit.
869 2050 968 2109 APer·

58 2137 97 2193 sis
117 2136 189 2192 enim
201 2132 286 2191 multa
305 2141 334 2190 et
344 2134 439 2209 gravia
453 2150 617 2210 perpessus,
640 2149 727 2210 saepe
740 2137 829 2210 captis
842 2134 966 2212 oppidis,

57 2219 186 2277 obsessis
199 2216 325 2291 urbibus,
351 2218 443 2274 caesis
456 2217 638 2293 exercitibus,
657 2215 819 2294 nullumque
833 2219 858 2274 ei
873 2226 969 2276 contra
993 2229 1018 2273 r.

58 2303 194 2379 Saporem
208 2317 375 2378 prosperum
388 2299 526 2378 proelium
542 2299 604 2375 fuit,
626 2301 680 2359 nisi
693 2300 769 2377 quod
783 2299 857 2378 apud
869 2301 969 2379 Singa·
980 2297 1036 2341 ⁰³¹·

57 2404 114 2445 ram
126 2384 199 2442 hand
211 2384 321 2442 dubiam
331 2386 476 2443 victoriam
487 2383 594 2442 ferocia
606 2382 721 2442 militum
732 2385 840 2460 amisit,
859 2386 905 2463 qui
918 2401 968 2462 pu·
980 2365 1019 2408 ³⁴⁸

58 2487 139 2546 gnam
162 2467 299 2527 seditiose
316 2477 344 2526 et
359 2467 463 2527 stolide
482 2475 576 2526 contra
594 2469 731 2526 nationem
753 2467 820 2527 belli
848 2468 892 2527 die
915 2471 967 2527 iam
994 2505 1019 2546 p·

60 2553 205 2629 praecipiti
218 2560 421 2628 poposcerunt.
442 2550 509 2611 Post
522 2550 683 2610 Constantis
694 2552 795 2610 decem
806 2551 967 2630 Magnentio
981 2573 1037 2617 cn.

58 2635 174 2709 ltaliam,
192 2634 326 2710 Africam,
343 2633 446 2694 Gallias
458 2635 601 2695 obtinente
613 2637 696 2694 etiam
707 2634 849 2711 lllyrioum
861 2654 907 2695 res
919 2651 969 2696 no·
981 2641 1025 2683 ³⁵0·

58 2738 108 2778 vas
132 2718 242 2794 habuit,
267 2718 438 2778 Vetranione
462 2718 497 2778 ad
519 2721 666 2796 imperium
689 2735 830 2778 consensu
852 2719 969 2779 militum

59 2802 162 2861 electo.
199 2800 288 2873 Quem
303 2802 490 2878 grandaevum
505 2804 560 2863 iam
576 2811 605 2861 et
624 2806 731 2862 cunctis
746 2803 893 2862 amabilem
910 2804 969 2862 diu-

59 2887 188 2944 turnitate
202 2895 230 2943 et
241 2883 376 2959 felicitate
388 2886 501 2945 militiae
517 2886 551 2945 ad
563 2887 695 2945 tuendum
707 2885 849 2962 Illyricum
868 2889 968 2964 princi

58 2987 124 3045 pem
140 2977 319 3043 creauerunt,
343 2971 431 3028 virum
446 2970 565 3046 probum
578 2980 606 3027 et
620 2986 728 3029 morum
739 2979 865 3030 veterum
882 2989 915 3029 ac
929 2973 968 3028 iu·

59 3051 166 3111 cundae
181 3051 333 3128 civilitatis,
349 3054 400 3112 sed
412 3055 533 3112 omnium
545 3052 700 3112 liberalium
713 3055 811 3113 artium
823 3063 968 3132 expertem

59 3135 140 3211 adeo,
160 3145 236 3195 utne
248 3135 386 3195 elementa
403 3136 514 3214 quidem
526 3139 613 3213 prima
630 3136 782 3214 literarum,
799 3140 852 3197 nisi
868 3136 967 3215 grand-

58 3238 145 3279 aevus
158 3229 186 3279 et
198 3222 251 3279 iam
263 3221 425 3297 imperator,
438 3224 592 3299 acceperit.

123 3304 210 3364 Gur
222 3302 272 3362 Xl.
302 3303 392 3362 Seda
409 3301 588 3380 Constantio,
613 3325 660 3383 qur
653 3281 709 3364 ud
723 3298 858 3364 ultionem
871 3305 965 3363 irater·

58 3405 109 3445 nae
129 3390 207 3445 trecis
225 3387 328 3446 bellum
347 3387 430 3446 civile
447 3399 652 3464 commoverat,
676 3389 840 3466 abrogatum
856 3396 900 3446 est
911 3388 966 3446 Ve-
