2266 3832
111 111 150 171 14
462 120 746 170 rnomarrrona.
771 188 775 197 Ι

108 274 242 338 vadunt.
270 274 413 357 patentis
427 273 551 358 passim
563 272 676 336 domos
696 272 828 336 adeunt.
854 268 902 334 ibi
912 271 1071 337 sedentes
1085 274 1117 337 in

110 356 275 423 curulibus
294 358 361 420 suis
377 365 600 443 praetextatos
624 376 720 420 senes
733 354 825 433 velut
840 353 918 418 deos
935 357 1116 442 geniosque

108 441 264 520 venerati,
279 461 358 510 mox
369 440 510 521 eosdem,
524 448 697 524 postquam
713 461 785 504 esse
798 437 948 503 homines
960 436 1114 525 liquebat,

108 525 251 591 adlocuti
261 523 343 586 nihil
354 523 552 610 respondere
563 523 736 607 dignantes
753 523 826 609 pari
839 521 1017 585 vaecordia
1033 543 1116 586 mac-

107 617 187 687 tant,
200 607 354 692 facesque
370 609 465 671 tectis
483 608 630 688 iniciunt,
648 616 681 670 et
694 615 796 670 totam
811 603 926 668 urbem
943 606 1017 690 igni
1030 605 1130 671 ferro

66 721 100 772 15
109 689 258 754 manibus
271 700 465 776 exaequant.
490 713 551 754 sex
562 689 729 754 mensibus
746 688 881 753 barbari
895 724 940 738 —
957 690 1033 774 quis
1051 711 1116 754 cre

109 773 225 839 deret?
238 811 282 822 —-
299 774 387 837 circa
397 783 540 838 montem
555 794 656 837 unum
671 771 906 858 pependerunt,
924 793 987 834 nec
1000 771 1117 837 diebus

107 857 214 939 modo,
236 857 296 921 sed
311 856 463 921 noctibus
480 878 608 943 quoque
625 858 734 921 omnia
752 856 896 941 experti;
914 875 989 919 cum
1007 864 1118 920 tamen

107 940 250 1004 Manlius
277 950 371 1005 nocte
394 940 562 1004 subeuntis
584 940 658 1004 clau
682 961 738 1004 ore
758 939 885 1003 anseris
913 939 1078 1004 excitatus
1097 960 1118 1003 a

109 1045 234 1089 summa
244 1045 325 1109 rupe
337 1024 464 1105 deiecit,
477 1034 510 1089 et
521 1034 557 1088 ut
568 963 818 1109 spemdrostibm
830 1022 985 1104 demeret,
1004 1044 1131 1110 quam-r

129 1130 206 1172 uam
222 1109 257 1171 in
276 1129 401 1172 summa
418 1107 513 1190 fame,
525 1118 634 1172 tamen
647 1107 690 1171 ad
706 1107 848 1192 speciem
863 1104 1005 1171 fiduciae
1013 1126 1116 1192 panes

68 1211 130 1263 loa
169 1213 245 1256 arce
260 1192 419 1256 iaculatus
433 1201 493 1255 est.
527 1201 560 1256 et
578 1200 662 1256 stato
683 1190 824 1291 quodam
836 1189 891 1254 die
911 1211 970 1275 per
991 1190 1116 1255 medias

108 1276 250 1341 hostium
267 1275 431 1340 custodias
448 1275 589 1339 Fabium
606 1274 793 1374 pontificem
816 1272 859 1337 ab
882 1293 958 1336 arce
981 1272 1117 1354 dimisit,

131 1362 165 1425 ui
176 1360 331 1424 sollemne
343 1380 470 1422 sacmm
480 1361 515 1422 in
522 1357 685 1438 Quirinali
694 1367 803 1424 monte
814 1356 999 1422 conficeret.
1008 1366 1116 1505 ἕλω

109 1384 165 1507 ille
182 1465 240 1527 per
256 1442 364 1506 media
376 1442 518 1506 hostium
534 1441 601 1505 tela
617 1441 789 1506 incolumis
806 1440 976 1525 religionis
989 1461 1010 1504 a
1084 1442 1130 1509 ‘or

66 1545 99 1596 17
108 1526 454 1611 redivitpropitiosque
466 1526 544 1590 deos
555 1527 763 1590 renuntiavit.
781 1525 959 1590 novissime
969 1525 1132 1589 cumiam'

109 1609 236 1675 obsidio
255 1630 314 1673 sua
326 1607 485 1673 barbaros
502 1609 683 1693 fatigasset,
697 1608 788 1673 mille
804 1607 912 1708 pondo
924 1609 998 1672 auri
1009 1629 1115 1673 recea-

108 1715 180 1757 sum
187 1715 281 1757 suum
291 1692 506 1773 venditantes,
517 1693 616 1779 idque
628 1695 734 1778 ipsum
742 1714 802 1780 per
812 1691 1030 1774 insolentiam,
1042 1712 1115 1756 cum

108 1777 152 1841 ad
162 1779 274 1862 iniqua
283 1776 430 1862 pondera
446 1776 557 1841 addito
575 1776 681 1841 adhuc
693 1776 803 1861 gladio
813 1777 947 1862 insuper
958 1782 1034 1840 ‘vae
1049 1777 1114 1839 vic·

107 1862 163 1926 tis'
176 1862 390 1946 increparent,
407 1860 514 1927 subito
530 1860 704 1946 adgressus
716 1882 737 1923 a
750 1869 843 1944 tergo
860 1857 1018 1924 Camillus
1031 1859 1114 1925 adeo
1127 1891 1133 1915 ι

108 1945 234 2027 cecidit,
246 1956 282 2010 ut
299 1945 407 2011 omnia
421 1945 644 2010 incendiorum
657 1943 799 2091 vestiffip
809 1942 930 2008 Gallici
945 1944 1115 2027 sanguinis

67 2030 321 2104 rainundatione
334 2028 467 2094 deleret.
494 2051 593 2114 agere
609 2029 731 2114 gratias
805 2025 1031 2091 inmortalibus
1042 2028 1115 2112 ipso

107 2123 218 2179 tantae
230 2114 332 2179 cladis
344 2116 474 2178 nomine
485 2112 576 2178 libet.
604 2121 771 2212 pastorum
788 2131 881 2174 casas
896 2111 982 2194 ignis
997 2109 1066 2191 ille,
1084 2119 1116 2175 et

107 2197 237 2262 flamma
248 2205 473 2296 paupertatem
483 2195 614 2261 Romuli
628 2195 809 2262 abscondit.
836 2194 1022 2259 incendium
1032 2193 1116 2259 illud

109 2279 189 2365 quid
200 2282 268 2363 egit
278 2280 378 2362 ahud,
388 2281 454 2344 nisi
463 2288 500 2344 ut
510 2280 673 2345 destinata
681 2279 848 2345 hominum
859 2299 898 2342 ac
911 2277 1046 2342 deorum
1058 2276 1112 2343 dc·
1130 2324 1133 2334 .

108 2360 229 2425 micilio
242 2363 357 2426 civitas
373 2385 440 2427 non
458 2362 566 2427 deleta
578 2385 640 2428 nec
651 2363 775 2445 obruta,
795 2362 883 2426 sede
929 2362 996 2425 iata
1006 2362 1115 2460 potius

67 2453 100 2506 19
111 2454 143 2509 et
154 2443 290 2508 lustrata
300 2445 475 2510 videatur?
496 2448 597 2530 igitur
610 2457 685 2533 post
699 2445 864 2512 adsertam
876 2383 1049 2526 dddanlro,
1065 2466 1115 2508 re

108 2528 254 2592 stitutum
270 2527 440 2594 aOamillo
457 2528 572 2593 urbem
589 2532 695 2595 acrius
713 2530 811 2594 etiam
826 2528 1116 2614 vehementiusque

107 2613 142 2675 in
152 2609 306 2677 finitimos
318 2613 507 2676 resmrexit.

361 2745 455 2809 VlII.
486 2745 636 2810 BELLA
658 2746 869 2813 GALLICA.

194 2861 245 2923 Ao
260 2863 400 2945 primum
418 2863 560 2926 omnium
576 2862 668 2926 illam
684 2863 790 2949 ipsam
807 2862 969 2928 Gallicam
986 2869 1118 2946 gentem

111 2964 177 3008 non
186 2952 355 3009 contentus
365 2944 534 3010 moenibus
547 2945 720 3032 expulisse,
738 2968 811 3012 cum
828 2968 887 3032 per
897 2945 1028 3009 Italiam
1038 2966 1117 3009 nau·

112 3027 163 3090 fra
189 3028 219 3090 'a
237 3049 297 3092 sua
312 3026 410 3093 latius
426 3029 603 3112 traherent,
622 3031 670 3094 sic
684 3039 873 3116 persecutus
892 3038 941 3094 est
956 3028 1039 3093 duce
1055 3027 1116 3093 Ga·

67 3127 103 3178 20
111 3111 168 3176 mil
182 3133 212 3193 o,
222 3120 258 3176 ut
267 3111 365 3177 hodie
374 3111 465 3176 nulla
477 3111 641 3179 Senonum
655 3115 741 3178 vesti
767 3115 797 3177 'a
812 3113 985 3199 supersint.
1015 3110 1117 3176 semel

112 3205 189 3281 aput
204 3196 364 3260 Anienem
379 3195 548 3277 trucidati,
563 3217 636 3260 cum
654 3136 813 3281 singulari
830 3196 1006 3261 certamine
1021 3194 1131 3260 Mam·

111 3277 174 3343 lius
190 3301 323 3344 aureum
339 3289 488 3366 torquem
501 3279 641 3346 barbaro
653 3282 739 3345 inter
750 3279 855 3365 spolia
865 3280 1016 3360 detraxit,
1028 3278 1115 3343 unde

112 3360 281 3449 Torquati.
315 3365 432 3430 iterum
445 3363 617 3451 Pomptino
636 3385 716 3450 agro
721 3412 731 3447 ,
751 3384 824 3427 cum
840 3364 874 3427 in
893 3361 991 3426 simili
1004 3383 1116 3448 pugna

929 3544 1008 3718 A
