2266 3832
373 235 405 318 1,
420 240 471 299 40.
485 240 523 299 41
539 235 606 324 [111,
622 243 652 301 5.
665 237 708 326 6].
1028 250 1080 310 57.

57 400 235 485 Servilius,
278 404 406 468 uamvis
428 403 518 468 leves
539 412 571 468 et
592 405 726 490 fugaces
743 428 959 494 myoparonas
973 417 1070 497 gravi

57 496 92 553 et
112 486 233 551 Martia
252 425 357 551 dlasse
385 488 544 570 turbaret,
574 509 640 553 non
660 491 831 555 incruenta
855 494 991 559 victoria
1017 518 1069 562 su-

54 577 160 657 perat
192 569 251 634 sed
271 592 332 636 nec
352 572 435 635 mari
459 574 672 637 summovisse
693 583 878 658 contentus,
904 578 1094 649 validissi-5

52 674 125 717 mas
146 652 246 719 urbes
261 674 372 721 corum
388 664 419 719 et
434 654 560 719 diutina
574 657 696 743 praeda
710 657 927 742 abundantes,
948 662 1068 726 Phase-

30 734 112 801 slim
134 745 166 802 et
184 735 361 824 Olympum
383 739 501 804 evertit
520 740 651 806 lsauros
675 763 715 805 ue
734 743 839 828 ipsam
860 765 969 808 arcem
991 746 1068 811 Cili-

53 821 140 904 ciae,
161 821 250 886 unde
272 824 421 887 conscius
442 822 505 886 sibi
525 822 636 907 mag‘ni
653 764 778 891 laboris
793 827 932 892 Isaurici
950 850 1068 915 cogno-

51 924 129 970 men
143 904 318 970 adamavit.
340 928 406 972 non
417 907 490 971 ideo
504 914 613 972 tamen
627 917 676 972 tot
689 909 836 974 cladibus
852 911 965 976 domiti
979 915 1096 977 serrat

53 1008 90 1053 se
118 990 284 1054 continere
320 999 514 1077 potuerunt3
556 991 614 1055 sed
647 1001 684 1056 u't
712 994 870 1080 quaedam
903 996 1065 1079 animalia,

52 1070 173 1159 quibus
237 1094 313 1137 uam
332 1083 517 1161 terramque
538 1075 702 1140 incolendi
725 1078 855 1162 gemina
875 1088 991 1143 natura
1006 1090 1065 1164 est,

23 1155 116 1227 sosub
139 1157 210 1243 ipso
256 1159 334 1222 ostis
357 1180 489 1222 recessu
510 1159 704 1244 inpatientes
725 1161 786 1225 soli
807 1163 842 1224 in
862 1184 962 1248 aquas
989 1185 1067 1228 suas

50 1240 271 1324 resiluerunt,
301 1251 333 1306 et
363 1241 529 1329 aliquanto
561 1242 657 1306 latius
687 1264 784 1330 quam
812 1246 903 1330 prius
933 1245 1065 1312 Siciliae

51 1343 184 1410 quoque
212 1323 308 1390 litora
338 1334 370 1389 et
394 1326 604 1411 Campaniam
623 1336 768 1391 nostram
790 1328 896 1391 subito
920 1329 1064 1394 adventu
1092 1404 1096 1410 ¹

20 1386 176 1472 sternere
205 1408 387 1473 voluerunt.
426 1411 473 1474 sic
499 1410 588 1475 Cilix
617 1410 735 1494 dignus
765 1412 903 1475 victoria
928 1412 1091 1499 Pompei?

47 1492 144 1556 visus
172 1500 221 1556 est
245 1501 277 1555 et
302 1493 542 1557 Mithridaticae
566 1495 753 1578 provinciae
779 1495 884 1560 factus
909 1498 1064 1562 accessio.

12 1590 41 1634 ro
49 1572 110 1639 ille
131 1574 312 1662 dispersam
331 1585 398 1641 toto
418 1579 500 1641 mari
518 1586 643 1664 pestem
664 1577 764 1642 semel
780 1587 813 1642 et
826 1579 861 1642 in
873 1588 1065 1666 perpetuum

46 1656 167 1723 volens
190 1661 381 1744 extinguere
405 1661 517 1724 divino
545 1660 685 1747 quodam
708 1672 865 1748 apparatu
888 1663 1063 1747 adgressus

46 1748 111 1806 est.
164 1742 263 1829 uippe
284 1765 358 1808 cum
377 1743 535 1808 classibus
553 1753 585 1808 et
599 1745 666 1807 suis
683 1754 715 1808 et
730 1746 904 1810 socialibus
920 1746 1091 1812 Rhodio-8

44 1846 124 1889 rum
143 1764 339 1909 (dbundaret,
361 1816 508 1914 pluribus
530 1828 646 1912 legatis
668 1838 766 1914 atque
785 1830 959 1915 praefectis
976 1839 1063 1894 utra-

45 1928 115 1995 que
135 1906 233 1973 Ponti
255 1919 288 1975 et
303 1910 428 1978 Oceani
448 1933 505 1974 ora
522 1910 700 1997 conplexus
719 1920 776 1976 est.
807 1913 933 1978 Gellius
954 1913 1089 1995 Tuscot

10 1992 134 2063 amari
164 1993 339 2141 inpositus,
384 1995 509 2059 Plotius
547 1994 673 2077 Siculo;
711 1995 831 2059 Atilius
859 1995 1062 2080 Ligusticum

47 2080 173 2161 sinum,
226 2080 394 2164 omponius
417 2079 580 2143 Gallicum
600 2079 736 2159 obsedit,
752 2078 936 2166 Torquatus
947 2078 1062 2142 Balea-

47 2164 169 2245 ricum,
200 2161 351 2226 Tiberius
371 2163 459 2226 Nero
475 2161 674 2227 Gaditanum
689 2161 822 2243 fretum,
845 2183 909 2249 qua
922 2164 1063 2247 primum

47 2246 149 2311 maris
175 2247 278 2310 nostri
303 2247 401 2309 limen
428 2246 583 2332 aperitur,
606 2245 769 2330 Libycum
789 2244 948 2309 Lentulus
976 2245 1061 2308 Mar·

48 2328 203 2411 collinus,
241 2331 441 2416 Aegyptium
473 2329 608 2415 Pompei
642 2330 776 2392 iuvenes
782 2377 791 2412 ,
832 2329 1106 2395 Hadriaticumlo

10 2414 158 2481 avano
181 2413 368 2496 Terentius,
389 2414 557 2498 Aegaeum
579 2421 612 2476 et
638 2411 810 2477 Ponticum
838 2422 870 2477 et
900 2412 1062 2511 Pamphy-

47 2498 132 2563 lium
157 2496 323 2580 Metellus,
353 2499 534 2561 Asiaticum
562 2495 699 2595 caepim
729 2498 818 2595 ipsas
842 2497 1061 2581 Propontrdcs

47 2582 161 2647 fauces
186 2579 323 2646 Porcius
351 2581 432 2647 Cato
461 2583 507 2645 sio
535 2579 654 2644 obditrs
683 2579 822 2645 navrbus
847 2582 940 2666 quasi
965 2588 1061 2666 porta

49 2664 226 2732 obseravit.
263 2667 310 2729 sio
334 2666 521 2752 peremnis
545 2665 844 2751 aequorisportus,
877 2666 982 2745 sinus,
1014 2663 1098 2726 la-11

47 2749 175 2832 tebras,
190 2765 354 2832 recessus,
394 2748 609 2830 romunturia,
626 2747 726 2830 freta,
743 2747 950 2833 paeninsulas
968 2747 1059 2832 quid·

10 2833 135 2920 sequid
184 2834 341 2897 iratorum
368 2771 430 2897 luit
458 2831 598 2932 quadam
624 2831 778 2916 indagine
807 2830 969 2894 inclusum
999 2837 1058 2894 est.

48 2918 124 3003 ipse
178 2919 323 3003 ompeius
344 2918 379 2981 in
401 2918 559 3001 origmem
582 2915 769 3001 fontemque
790 2914 869 2979 belli
893 2913 1057 2980 Ciliciam·
1070 2919 1104 2969 1²

48 3022 112 3066 nec
133 3000 242 3066 hostes
266 3001 487 3066 detractavere
509 3007 681 3064 certamen.
707 3019 772 3063 non
788 3021 830 3062 ex
842 2999 976 3080 fiducia,
1000 2961 1059 3061 sed
1069 3000 1102 3052 13

49 3085 131 3171 quia
149 3085 297 3171 oppressi
317 3093 424 3166 erant,
446 3085 517 3149 ausi
539 3082 749 3164 videbantur3
775 3082 834 3147 sed
849 3080 932 3145 nihil
951 3090 1060 3145 tamen

48 3168 206 3269 amplius,
224 3190 321 3255 quam
338 3178 375 3233 ut
391 3167 434 3232 ad
449 3169 589 3255 primum
605 3168 705 3231 ictum
721 3174 958 3231 concurrerent.
983 3183 1062 3228 mox

10 3251 110 3325 nubs
127 3252 323 3317 circumfusa
337 3251 481 3338 undique
496 3260 601 3315 rostra
615 3249 781 3331 viderunt,
800 3248 934 3313 abiectis
951 3247 1061 3309 statim

48 3334 126 3401 telis
141 3335 303 3423 remisque
316 3336 434 3423 plausu
448 3334 592 3421 undique
605 3335 691 3420 pari,
710 3333 796 3419 quod
811 3329 1052 3430 supplicantium

49 3420 183 3505 signum
203 3419 280 3502 fuit,
304 3421 405 3484 vitam
420 3420 615 3506 petiverunt.
644 3438 710 3482 non
726 3416 791 3479 alia
807 3425 873 3478 tam
889 3419 1058 3478 mcrucnta
1071 3428 1091 3460 'r

48 3502 191 3569 victoria
207 3505 260 3568 usi
276 3524 426 3592 umque-m
447 3524 556 3556 eumue
597 3500 651 3563 *ed
671 3520 731 3556 nec·
748 3498 885 3552 fideliori
905 3498 937 3556 in
955 3502 1058 3556 ponta.
