<?xml version="1.0" encoding="UTF-8"?>
<!DOCTYPE html PUBLIC "-//W3C//DTD XHTML 1.0 Transitional//EN"
    "http://www.w3.org/TR/xhtml1/DTD/xhtml1-transitional.dtd">
<html xmlns="http://www.w3.org/1999/xhtml" xml:lang="en" lang="en">
 <head>
  <title>
</title>
<meta http-equiv="Content-Type" content="text/html;charset=utf-8" />
  <meta name='ocr-system' content='tesseract 3.04.00' />
  <meta name='ocr-capabilities' content='ocr_page ocr_carea ocr_par ocr_line ocrx_word'/>
</head>
<body>
  <div class='ocr_page' id='page_1' title='image "./eutropiibreviar01crugoog_0132.png"; bbox 0 0 2266 3832; ppageno 0'>
   <div class='ocr_carea' id='block_1_1' title="bbox 344 211 938 300">
    <p class='ocr_par' dir='ltr' id='par_1_1' title="bbox 344 211 938 300">
     <span class='ocr_line' id='line_1_1' title="bbox 344 211 938 300; baseline 0.005 -23"><span class='ocrx_word' id='word_1_1' title='bbox 344 211 371 294; x_wconf 87' lang='lat'>1,</span> <span class='ocrx_word' id='word_1_2' title='bbox 389 214 426 276; x_wconf 87' lang='lat'>13</span> <span class='ocrx_word' id='word_1_3' title='bbox 443 211 518 300; x_wconf 71' lang='lat'><strong>[181.</strong></span> <span class='ocrx_word' id='word_1_4' title='bbox 901 219 938 280; x_wconf 86' lang='lat'>19</span> 
     </span>
    </p>
   </div>
   <div class='ocr_carea' id='block_1_2' title="bbox 46 375 1035 2957">
    <p class='ocr_par' dir='ltr' id='par_1_2' title="bbox 46 375 1035 2957">
     <span class='ocr_line' id='line_1_2' title="bbox 47 375 1035 476; baseline 0.007 -35"><span class='ocrx_word' id='word_1_5' title='bbox 47 375 141 441; x_wconf 85' lang='lat' dir='ltr'>rsiiiis</span> <span class='ocrx_word' id='word_1_6' title='bbox 153 398 279 463; x_wconf 91' lang='lat' dir='ltr'>quoque</span> <span class='ocrx_word' id='word_1_7' title='bbox 291 385 324 442; x_wconf 91' lang='lat' dir='ltr'>et</span> <span class='ocrx_word' id='word_1_8' title='bbox 338 377 425 442; x_wconf 90' lang='lat' dir='ltr'>domi</span> <span class='ocrx_word' id='word_1_9' title='bbox 435 399 508 442; x_wconf 88' lang='lat' dir='ltr'>eum</span> <span class='ocrx_word' id='word_1_10' title='bbox 522 378 638 476; x_wconf 74' lang='lat' dir='ltr'>regeP</span> <span class='ocrx_word' id='word_1_11' title='bbox 679 379 738 444; x_wconf 89' lang='lat' dir='ltr'>rho</span> <span class='ocrx_word' id='word_1_12' title='bbox 752 380 938 446; x_wconf 81' lang='lat' dir='ltr'>dimicatum</span> <span class='ocrx_word' id='word_1_13' title='bbox 1031 443 1035 448; x_wconf 90' lang='lat'>.</span> 
     </span>
     <span class='ocr_line' id='line_1_3' title="bbox 47 461 937 545; baseline 0.004 -21"><span class='ocrx_word' id='word_1_14' title='bbox 47 461 73 524; x_wconf 84' lang='lat' dir='ltr'>ui</span> <span class='ocrx_word' id='word_1_15' title='bbox 96 461 366 545; x_wconf 86' lang='lat' dir='ltr'>pepostprimam</span> <span class='ocrx_word' id='word_1_16' title='bbox 381 461 551 525; x_wconf 81' lang='lat' dir='ltr'>victoriam</span> <span class='ocrx_word' id='word_1_17' title='bbox 562 471 629 525; x_wconf 87' lang='lat' dir='ltr'>rnte</span> <span class='ocrx_word' id='word_1_18' title='bbox 656 471 727 526; x_wconf 84' lang='lat' dir='ltr'>eota</span> <span class='ocrx_word' id='word_1_19' title='bbox 737 464 790 527; x_wconf 85' lang='lat' dir='ltr'>vir</span> <span class='ocrx_word' id='word_1_20' title='bbox 799 463 937 529; x_wconf 83' lang='lat' dir='ltr'>callidus</span> 
     </span>
     <span class='ocr_line' id='line_1_4' title="bbox 47 481 938 631; baseline 0.006 -24"><span class='ocrx_word' id='word_1_21' title='bbox 47 481 214 608; x_wconf 58' lang='lat' dir='ltr'>sssomana</span> <span class='ocrx_word' id='word_1_22' title='bbox 230 544 339 607; x_wconf 80' lang='lat' dir='ltr'>statim</span> <span class='ocrx_word' id='word_1_23' title='bbox 356 543 541 628; x_wconf 85' lang='lat' dir='ltr'>desperavit</span> <span class='ocrx_word' id='word_1_24' title='bbox 558 547 656 609; x_wconf 87' lang='lat' dir='ltr'>armis</span> <span class='ocrx_word' id='word_1_25' title='bbox 671 566 770 631; x_wconf 89' lang='lat' dir='ltr'>seque</span> <span class='ocrx_word' id='word_1_26' title='bbox 787 547 830 611; x_wconf 88' lang='lat' dir='ltr'>ad</span> <span class='ocrx_word' id='word_1_27' title='bbox 846 547 938 612; x_wconf 88' lang='lat' dir='ltr'>dolos</span> 
     </span>
     <span class='ocr_line' id='line_1_5' title="bbox 46 627 978 715; baseline 0.005 -26"><span class='ocrx_word' id='word_1_28' title='bbox 46 627 82 690; x_wconf 91' lang='lat' dir='ltr'>it.</span> <span class='ocrx_word' id='word_1_29' title='bbox 111 647 187 690; x_wconf 85' lang='lat' dir='ltr'>nam</span> <span class='ocrx_word' id='word_1_30' title='bbox 199 627 408 712; x_wconf 87' lang='lat' dir='ltr'>interemptos</span> <span class='ocrx_word' id='word_1_31' title='bbox 426 631 591 710; x_wconf 83' lang='lat' dir='ltr'>cremavit,</span> <span class='ocrx_word' id='word_1_32' title='bbox 605 631 815 715; x_wconf 83' lang='lat' dir='ltr'>captivosque</span> <span class='ocrx_word' id='word_1_33' title='bbox 830 630 934 694; x_wconf 88' lang='lat' dir='ltr'>indul·</span> <span class='ocrx_word' id='word_1_34' title='bbox 948 653 978 703; x_wconf 88' lang='lat'>15</span> 
     </span>
     <span class='ocr_line' id='line_1_6' title="bbox 46 707 939 797; baseline 0.006 -25"><span class='ocrx_word' id='word_1_35' title='bbox 46 707 175 773; x_wconf 70' lang='lat' dir='ltr'>⁸habuit</span> <span class='ocrx_word' id='word_1_36' title='bbox 186 710 296 774; x_wconf 89' lang='lat' dir='ltr'>etsine</span> <span class='ocrx_word' id='word_1_37' title='bbox 329 711 410 774; x_wconf 87' lang='lat' dir='ltr'>retio</span> <span class='ocrx_word' id='word_1_38' title='bbox 419 712 570 792; x_wconf 81' lang='lat' dir='ltr'><strong>restituit,</strong></span> <span class='ocrx_word' id='word_1_39' title='bbox 585 712 759 797; x_wconf 81' lang='lat' dir='ltr'><strong>missisque</strong></span> <span class='ocrx_word' id='word_1_40' title='bbox 775 711 891 796; x_wconf 84' lang='lat' dir='ltr'>legatis</span> <span class='ocrx_word' id='word_1_41' title='bbox 903 716 939 778; x_wconf 95' lang='lat' dir='ltr'>in</span> 
     </span>
     <span class='ocr_line' id='line_1_7' title="bbox 47 791 936 860; baseline 0.007 -6"><span class='ocrx_word' id='word_1_42' title='bbox 47 793 147 858; x_wconf 36' lang='lat' dir='ltr'>,omni</span> <span class='ocrx_word' id='word_1_43' title='bbox 159 791 254 858; x_wconf 84' lang='lat' dir='ltr'>modo</span> <span class='ocrx_word' id='word_1_44' title='bbox 272 814 292 855; x_wconf 85' lang='lat' dir='ltr'>a</span> <span class='ocrx_word' id='word_1_45' title='bbox 338 794 406 856; x_wconf 90' lang='lat' dir='ltr'>isus</span> <span class='ocrx_word' id='word_1_46' title='bbox 419 801 469 856; x_wconf 88' lang='lat' dir='ltr'>est</span> <span class='ocrx_word' id='word_1_47' title='bbox 485 802 522 857; x_wconf 90' lang='lat' dir='ltr'>ut</span> <span class='ocrx_word' id='word_1_48' title='bbox 534 793 619 858; x_wconf 83' lang='lat' dir='ltr'>facto</span> <span class='ocrx_word' id='word_1_49' title='bbox 633 794 765 859; x_wconf 88' lang='lat' dir='ltr'>foedere</span> <span class='ocrx_word' id='word_1_50' title='bbox 782 797 817 858; x_wconf 95' lang='lat' dir='ltr'>in</span> <span class='ocrx_word' id='word_1_51' title='bbox 828 798 936 860; x_wconf 84' lang='lat' dir='ltr'>amiei-</span> 
     </span>
     <span class='ocr_line' id='line_1_8' title="bbox 47 874 981 962; baseline 0.004 -22"><span class='ocrx_word' id='word_1_52' title='bbox 47 876 237 960; x_wconf 86' lang='lat' dir='ltr'>eoiperetur.</span> <span class='ocrx_word' id='word_1_53' title='bbox 270 875 330 940; x_wconf 87' lang='lat' dir='ltr'>sed</span> <span class='ocrx_word' id='word_1_54' title='bbox 346 884 379 940; x_wconf 91' lang='lat' dir='ltr'>et</span> <span class='ocrx_word' id='word_1_55' title='bbox 399 874 487 941; x_wconf 88' lang='lat' dir='ltr'>bello</span> <span class='ocrx_word' id='word_1_56' title='bbox 505 885 537 940; x_wconf 93' lang='lat' dir='ltr'>et</span> <span class='ocrx_word' id='word_1_57' title='bbox 550 898 632 962; x_wconf 86' lang='lat' dir='ltr'>paee</span> <span class='ocrx_word' id='word_1_58' title='bbox 650 885 682 941; x_wconf 88' lang='lat' dir='ltr'>et</span> <span class='ocrx_word' id='word_1_59' title='bbox 698 877 778 943; x_wconf 86' lang='lat' dir='ltr'>foris</span> <span class='ocrx_word' id='word_1_60' title='bbox 799 887 832 942; x_wconf 91' lang='lat' dir='ltr'>et</span> <span class='ocrx_word' id='word_1_61' title='bbox 849 879 936 944; x_wconf 89' lang='lat' dir='ltr'>domi</span> <span class='ocrx_word' id='word_1_62' title='bbox 948 908 981 959; x_wconf 85' lang='lat'>16</span> 
     </span>
     <span class='ocr_line' id='line_1_9' title="bbox 47 957 937 1058; baseline 0.007 -37"><span class='ocrx_word' id='word_1_63' title='bbox 47 960 107 1023; x_wconf 90' lang='lat' dir='ltr'>uin</span> <span class='ocrx_word' id='word_1_64' title='bbox 116 966 242 1043; x_wconf 82' lang='lat' dir='ltr'>partem</span> <span class='ocrx_word' id='word_1_65' title='bbox 252 957 399 1023; x_wconf 85' lang='lat' dir='ltr'>Romana</span> <span class='ocrx_word' id='word_1_66' title='bbox 408 959 512 1023; x_wconf 85' lang='lat' dir='ltr'>virtus</span> <span class='ocrx_word' id='word_1_67' title='bbox 526 968 595 1023; x_wconf 87' lang='lat' dir='ltr'>turn</span> <span class='ocrx_word' id='word_1_68' title='bbox 614 982 648 1024; x_wconf 94' lang='lat' dir='ltr'>se</span> <span class='ocrx_word' id='word_1_69' title='bbox 659 959 861 1058; x_wconf 79' lang='lat' dir='ltr'>adprobavit,</span> <span class='ocrx_word' id='word_1_70' title='bbox 876 984 937 1027; x_wconf 88' lang='lat' dir='ltr'>nee</span> 
     </span>
     <span class='ocr_line' id='line_1_10' title="bbox 47 1040 936 1129; baseline 0.006 -24"><span class='ocrx_word' id='word_1_71' title='bbox 47 1042 119 1127; x_wconf 80' lang='lat' dir='ltr'>agis</span> <span class='ocrx_word' id='word_1_72' title='bbox 131 1062 229 1127; x_wconf 82' lang='lat' dir='ltr'>quarn</span> <span class='ocrx_word' id='word_1_73' title='bbox 239 1040 417 1106; x_wconf 84' lang='lat' dir='ltr'>Tarentina</span> <span class='ocrx_word' id='word_1_74' title='bbox 433 1043 570 1106; x_wconf 84' lang='lat' dir='ltr'>victoria</span> <span class='ocrx_word' id='word_1_75' title='bbox 589 1043 731 1108; x_wconf 79' lang='lat' dir='ltr'>ostendit</span> <span class='ocrx_word' id='word_1_76' title='bbox 747 1044 858 1129; x_wconf 88' lang='lat' dir='ltr'>populi</span> <span class='ocrx_word' id='word_1_77' title='bbox 871 1045 936 1110; x_wconf 91' lang='lat' dir='ltr'>Ro·</span> 
     </span>
     <span class='ocr_line' id='line_1_11' title="bbox 47 1124 936 1223; baseline 0.006 -36"><span class='ocrx_word' id='word_1_78' title='bbox 47 1124 270 1206; x_wconf 80' lang='lat' dir='ltr'>?ortitudinem,</span> <span class='ocrx_word' id='word_1_79' title='bbox 285 1135 416 1198; x_wconf 88' lang='lat' dir='ltr'>senatus</span> <span class='ocrx_word' id='word_1_80' title='bbox 428 1126 627 1223; x_wconf 75' lang='lat' dir='ltr'>sapientiam,</span> <span class='ocrx_word' id='word_1_81' title='bbox 643 1127 761 1191; x_wconf 86' lang='lat' dir='ltr'>ducum</span> <span class='ocrx_word' id='word_1_82' title='bbox 770 1131 936 1211; x_wconf 84' lang='lat' dir='ltr'>magnani-</span> 
     </span>
     <span class='ocr_line' id='line_1_12' title="bbox 47 1206 979 1307; baseline 0.005 -36"><span class='ocrx_word' id='word_1_83' title='bbox 47 1226 88 1271; x_wconf 88' lang='lat' dir='ltr'>m.</span> <span class='ocrx_word' id='word_1_84' title='bbox 102 1208 233 1294; x_wconf 84' lang='lat' dir='ltr'>quinam</span> <span class='ocrx_word' id='word_1_85' title='bbox 239 1206 288 1271; x_wconf 91' lang='lat' dir='ltr'>illi</span> <span class='ocrx_word' id='word_1_86' title='bbox 297 1208 498 1273; x_wconf 85' lang='lat' dir='ltr'>fueruntvrri</span> <span class='ocrx_word' id='word_1_87' title='bbox 508 1231 588 1307; x_wconf 83' lang='lat' dir='ltr'>quos</span> <span class='ocrx_word' id='word_1_88' title='bbox 597 1209 639 1273; x_wconf 86' lang='lat' dir='ltr'>ab</span> <span class='ocrx_word' id='word_1_89' title='bbox 646 1209 826 1294; x_wconf 86' lang='lat' dir='ltr'>elephantis</span> <span class='ocrx_word' id='word_1_90' title='bbox 832 1212 936 1295; x_wconf 90' lang='lat' dir='ltr'>primo</span> <span class='ocrx_word' id='word_1_91' title='bbox 947 1236 979 1286; x_wconf 84' lang='lat'>17</span> 
     </span>
     <span class='ocr_line' id='line_1_13' title="bbox 47 1289 935 1390; baseline 0 -32"><span class='ocrx_word' id='word_1_92' title='bbox 47 1289 205 1357; x_wconf 84' lang='lat' dir='ltr'>&gt;obtritos</span> <span class='ocrx_word' id='word_1_93' title='bbox 217 1291 424 1390; x_wconf 76' lang='lat' dir='ltr'>accepimus?</span> <span class='ocrx_word' id='word_1_94' title='bbox 441 1313 583 1355; x_wconf 88' lang='lat' dir='ltr'>omnrum</span> <span class='ocrx_word' id='word_1_95' title='bbox 596 1291 731 1356; x_wconf 84' lang='lat' dir='ltr'>vulnera</span> <span class='ocrx_word' id='word_1_96' title='bbox 746 1295 781 1356; x_wconf 94' lang='lat' dir='ltr'>in</span> <span class='ocrx_word' id='word_1_97' title='bbox 795 1303 935 1378; x_wconf 82' lang='lat' dir='ltr'>pectore,</span> 
     </span>
     <span class='ocr_line' id='line_1_14' title="bbox 47 1372 936 1457; baseline 0.001 -18"><span class='ocrx_word' id='word_1_98' title='bbox 47 1396 66 1439; x_wconf 90' lang='lat' dir='ltr'>n</span> <span class='ocrx_word' id='word_1_99' title='bbox 84 1372 232 1439; x_wconf 86' lang='lat' dir='ltr'>hostibus</span> <span class='ocrx_word' id='word_1_100' title='bbox 250 1396 318 1437; x_wconf 84' lang='lat' dir='ltr'>surs</span> <span class='ocrx_word' id='word_1_101' title='bbox 337 1383 441 1438; x_wconf 89' lang='lat' dir='ltr'>morte</span> <span class='ocrx_word' id='word_1_102' title='bbox 461 1396 520 1438; x_wconf 90' lang='lat' dir='ltr'>sua</span> <span class='ocrx_word' id='word_1_103' title='bbox 536 1377 725 1457; x_wconf 86' lang='lat' dir='ltr'>oonmortui,</span> <span class='ocrx_word' id='word_1_104' title='bbox 744 1377 890 1440; x_wconf 74' lang='lat' dir='ltr'>omnIum&#39;</span> <span class='ocrx_word' id='word_1_105' title='bbox 901 1378 936 1440; x_wconf 94' lang='lat' dir='ltr'>in</span> 
     </span>
     <span class='ocr_line' id='line_1_15' title="bbox 47 1457 937 1545; baseline 0.002 -24"><span class='ocrx_word' id='word_1_106' title='bbox 47 1479 82 1521; x_wconf 86' lang='lat' dir='ltr'>us</span> <span class='ocrx_word' id='word_1_107' title='bbox 101 1457 188 1521; x_wconf 88' lang='lat' dir='ltr'>ensis</span> <span class='ocrx_word' id='word_1_108' title='bbox 218 1466 250 1521; x_wconf 88' lang='lat' dir='ltr'>et</span> <span class='ocrx_word' id='word_1_109' title='bbox 262 1457 396 1521; x_wconf 84' lang='lat' dir='ltr'>relictae</span> <span class='ocrx_word' id='word_1_110' title='bbox 412 1459 448 1520; x_wconf 95' lang='lat' dir='ltr'>in</span> <span class='ocrx_word' id='word_1_111' title='bbox 464 1457 607 1522; x_wconf 88' lang='lat' dir='ltr'>voltibus</span> <span class='ocrx_word' id='word_1_112' title='bbox 620 1459 736 1540; x_wconf 88' lang='lat' dir='ltr'>minae,</span> <span class='ocrx_word' id='word_1_113' title='bbox 756 1468 788 1523; x_wconf 87' lang='lat' dir='ltr'>et</span> <span class='ocrx_word' id='word_1_114' title='bbox 809 1460 844 1521; x_wconf 96' lang='lat' dir='ltr'>in</span> <span class='ocrx_word' id='word_1_115' title='bbox 864 1460 937 1545; x_wconf 88' lang='lat' dir='ltr'>ipsa</span> 
     </span>
     <span class='ocr_line' id='line_1_16' title="bbox 48 1505 978 1626; baseline 0.006 -21"><span class='ocrx_word' id='word_1_116' title='bbox 48 1541 99 1605; x_wconf 89' lang='lat' dir='ltr'>ira</span> <span class='ocrx_word' id='word_1_117' title='bbox 108 1505 252 1605; x_wconf 61' lang='lat' dir='ltr'>viveirat.</span> <span class='ocrx_word' id='word_1_118' title='bbox 280 1540 366 1626; x_wconf 89' lang='lat' dir='ltr'>quod</span> <span class='ocrx_word' id='word_1_119' title='bbox 380 1540 461 1604; x_wconf 87' lang='lat' dir='ltr'>adeo</span> <span class='ocrx_word' id='word_1_120' title='bbox 473 1540 620 1626; x_wconf 88' lang='lat' dir='ltr'><strong>Pyrrhus</strong></span> <span class='ocrx_word' id='word_1_121' title='bbox 630 1542 765 1605; x_wconf 90' lang='lat' dir='ltr'>miratus</span> <span class='ocrx_word' id='word_1_122' title='bbox 778 1551 827 1606; x_wconf 90' lang='lat' dir='ltr'>est</span> <span class='ocrx_word' id='word_1_123' title='bbox 840 1552 876 1606; x_wconf 92' lang='lat' dir='ltr'>ut</span> <span class='ocrx_word' id='word_1_124' title='bbox 888 1543 934 1607; x_wconf 82' lang='lat' dir='ltr'>di·</span> <span class='ocrx_word' id='word_1_125' title='bbox 945 1561 978 1612; x_wconf 85' lang='lat'>18</span> 
     </span>
     <span class='ocr_line' id='line_1_17' title="bbox 49 1623 937 1711; baseline 0.002 -23"><span class='ocrx_word' id='word_1_126' title='bbox 49 1645 68 1688; x_wconf 95' lang='lat'>0</span> <span class='ocrx_word' id='word_1_127' title='bbox 86 1645 183 1710; x_wconf 86' lang='lat' dir='ltr'>quarn</span> <span class='ocrx_word' id='word_1_128' title='bbox 199 1623 297 1687; x_wconf 82' lang='lat' dir='ltr'>facile</span> <span class='ocrx_word' id='word_1_129' title='bbox 314 1632 383 1687; x_wconf 85' lang='lat' dir='ltr'>erat</span> <span class='ocrx_word' id='word_1_130' title='bbox 401 1623 488 1687; x_wconf 91' lang='lat' dir='ltr'>orbis</span> <span class='ocrx_word' id='word_1_131' title='bbox 504 1625 675 1710; x_wconf 90' lang='lat' dir='ltr'>imperium</span> <span class='ocrx_word' id='word_1_132' title='bbox 691 1646 858 1711; x_wconf 78' lang='lat' dir='ltr'>occupare,</span> <span class='ocrx_word' id='word_1_133' title='bbox 880 1635 937 1690; x_wconf 85' lang='lat' dir='ltr'>aut</span> 
     </span>
     <span class='ocr_line' id='line_1_18' title="bbox 47 1705 936 1791; baseline 0 -19"><span class='ocrx_word' id='word_1_134' title='bbox 47 1707 181 1772; x_wconf 80' lang='lat' dir='ltr'>iomanis</span> <span class='ocrx_word' id='word_1_135' title='bbox 197 1705 354 1770; x_wconf 86' lang='lat' dir='ltr'>militibus</span> <span class='ocrx_word' id='word_1_136' title='bbox 379 1707 473 1788; x_wconf 88' lang='lat' dir='ltr'>datis,</span> <span class='ocrx_word' id='word_1_137' title='bbox 498 1717 553 1770; x_wconf 90' lang='lat' dir='ltr'>aut</span> <span class='ocrx_word' id='word_1_138' title='bbox 577 1729 628 1771; x_wconf 91' lang='lat' dir='ltr'>me</span> <span class='ocrx_word' id='word_1_139' title='bbox 651 1729 730 1791; x_wconf 89' lang='lat' dir='ltr'>rege</span> <span class='ocrx_word' id='word_1_140' title='bbox 750 1709 904 1773; x_wconf 91' lang='lat' dir='ltr'>Romanis</span> <span class='ocrx_word' id='word_1_141' title='bbox 913 1711 936 1772; x_wconf 77' lang='lat'>1⁹</span> 
     </span>
     <span class='ocr_line' id='line_1_19' title="bbox 47 1790 978 1876; baseline -0.001 -24"><span class='ocrx_word' id='word_1_142' title='bbox 47 1799 155 1854; x_wconf 85' lang='lat' dir='ltr'>autem</span> <span class='ocrx_word' id='word_1_143' title='bbox 183 1811 293 1856; x_wconf 92' lang='lat' dir='ltr'>eorum</span> <span class='ocrx_word' id='word_1_144' title='bbox 318 1790 354 1853; x_wconf 91' lang='lat' dir='ltr'>in</span> <span class='ocrx_word' id='word_1_145' title='bbox 376 1790 556 1876; x_wconf 87' lang='lat' dir='ltr'>reparando</span> <span class='ocrx_word' id='word_1_146' title='bbox 585 1793 731 1855; x_wconf 86' lang='lat' dir='ltr'>exercitu</span> <span class='ocrx_word' id='word_1_147' title='bbox 751 1791 932 1856; x_wconf 84' lang='lat' dir='ltr'>festinatio!</span> <span class='ocrx_word' id='word_1_148' title='bbox 945 1792 978 1852; x_wconf 81' lang='lat'>1&#39;9</span> 
     </span>
     <span class='ocr_line' id='line_1_20' title="bbox 47 1872 936 2021; baseline 0.006 -86"><span class='ocrx_word' id='word_1_149' title='bbox 47 1872 181 1959; x_wconf 85' lang='lat' dir='ltr'>?yrrhus</span> <span class='ocrx_word' id='word_1_150' title='bbox 208 1872 296 1937; x_wconf 88' lang='lat' dir='ltr'>idem</span> <span class='ocrx_word' id='word_1_151' title='bbox 329 1881 367 1938; x_wconf 71' lang='lat' dir='ltr'>‘o</span> <span class='ocrx_word' id='word_1_152' title='bbox 397 1883 466 1937; x_wconf 89' lang='lat' dir='ltr'>me&#39;</span> <span class='ocrx_word' id='word_1_153' title='bbox 498 1876 604 1974; x_wconf 72' lang='lat' dir='ltr'>inquit</span> <span class='ocrx_word' id='word_1_154' title='bbox 643 1874 757 1960; x_wconf 71' lang='lat' dir='ltr'>‘plane</span> <span class='ocrx_word' id='word_1_155' title='bbox 788 1897 936 2021; x_wconf 61' lang='lat' dir='ltr'>Eroorea·</span> 
     </span>
     <span class='ocr_line' id='line_1_21' title="bbox 47 1954 935 2043; baseline 0.003 -24"><span class='ocrx_word' id='word_1_156' title='bbox 47 1954 182 2020; x_wconf 82' lang='lat' dir='ltr'>Ieroulis</span> <span class='ocrx_word' id='word_1_157' title='bbox 215 1959 351 2040; x_wconf 90' lang='lat' dir='ltr'>semine,</span> <span class='ocrx_word' id='word_1_158' title='bbox 383 1959 436 2020; x_wconf 88' lang='lat' dir='ltr'>eui</span> <span class='ocrx_word' id='word_1_159' title='bbox 458 1980 550 2043; x_wconf 84' lang='lat' dir='ltr'>quasr</span> <span class='ocrx_word' id='word_1_160' title='bbox 581 1956 623 2021; x_wconf 84' lang='lat' dir='ltr'>ab</span> <span class='ocrx_word' id='word_1_161' title='bbox 656 1979 762 2042; x_wconf 82' lang='lat' dir='ltr'>angue</span> <span class='ocrx_word' id='word_1_162' title='bbox 819 1979 935 2023; x_wconf 86' lang='lat' dir='ltr'>ernueo</span> 
     </span>
     <span class='ocr_line' id='line_1_22' title="bbox 47 2039 935 2126; baseline 0.001 -23"><span class='ocrx_word' id='word_1_163' title='bbox 47 2060 92 2103; x_wconf 67' lang='lat' dir='ltr'>rsa</span> <span class='ocrx_word' id='word_1_164' title='bbox 102 2039 242 2104; x_wconf 88' lang='lat' dir='ltr'>hostium</span> <span class='ocrx_word' id='word_1_165' title='bbox 254 2042 360 2126; x_wconf 82' lang='lat' dir='ltr'>capita</span> <span class='ocrx_word' id='word_1_166' title='bbox 369 2042 462 2126; x_wconf 88' lang='lat' dir='ltr'>quasi</span> <span class='ocrx_word' id='word_1_167' title='bbox 474 2042 514 2105; x_wconf 88' lang='lat' dir='ltr'>de</span> <span class='ocrx_word' id='word_1_168' title='bbox 527 2043 684 2126; x_wconf 85' lang='lat' dir='ltr'>sanguine</span> <span class='ocrx_word' id='word_1_169' title='bbox 694 2062 751 2104; x_wconf 86' lang='lat' dir='ltr'>suo</span> <span class='ocrx_word' id='word_1_170' title='bbox 763 2062 935 2105; x_wconf 85' lang='lat' dir='ltr'>renascun-</span> 
     </span>
     <span class='ocr_line' id='line_1_23' title="bbox 47 2123 978 2209; baseline 0.002 -23"><span class='ocrx_word' id='word_1_171' title='bbox 47 2124 96 2209; x_wconf 69' lang='lat' dir='ltr'>1ui</span> <span class='ocrx_word' id='word_1_172' title='bbox 109 2133 216 2187; x_wconf 88' lang='lat' dir='ltr'>autern</span> <span class='ocrx_word' id='word_1_173' title='bbox 233 2123 289 2187; x_wconf 86' lang='lat' dir='ltr'>ille</span> <span class='ocrx_word' id='word_1_174' title='bbox 304 2134 435 2200; x_wconf 85' lang='lat' dir='ltr'>senatus</span> <span class='ocrx_word' id='word_1_175' title='bbox 454 2124 530 2188; x_wconf 85' lang='lat' dir='ltr'>fuit!</span> <span class='ocrx_word' id='word_1_176' title='bbox 553 2146 625 2188; x_wconf 89' lang='lat' dir='ltr'>eum</span> <span class='ocrx_word' id='word_1_177' title='bbox 642 2132 815 2209; x_wconf 90' lang='lat' dir='ltr'>perorante</span> <span class='ocrx_word' id='word_1_178' title='bbox 827 2125 935 2209; x_wconf 89' lang='lat' dir='ltr'>Appio</span> <span class='ocrx_word' id='word_1_179' title='bbox 944 2146 978 2197; x_wconf 81' lang='lat'>20</span> 
     </span>
     <span class='ocr_line' id='line_1_24' title="bbox 55 2205 935 2292; baseline 0.002 -22"><span class='ocrx_word' id='word_1_180' title='bbox 55 2206 143 2292; x_wconf 88' lang='lat' dir='ltr'>pulsi</span> <span class='ocrx_word' id='word_1_181' title='bbox 160 2228 233 2270; x_wconf 86' lang='lat' dir='ltr'>oum</span> <span class='ocrx_word' id='word_1_182' title='bbox 246 2206 432 2270; x_wconf 91' lang='lat' dir='ltr'>muneribus</span> <span class='ocrx_word' id='word_1_183' title='bbox 448 2209 515 2271; x_wconf 88' lang='lat' dir='ltr'>suis</span> <span class='ocrx_word' id='word_1_184' title='bbox 532 2206 574 2270; x_wconf 91' lang='lat' dir='ltr'>ab</span> <span class='ocrx_word' id='word_1_185' title='bbox 590 2206 671 2271; x_wconf 89' lang='lat' dir='ltr'>urbe</span> <span class='ocrx_word' id='word_1_186' title='bbox 684 2205 784 2290; x_wconf 88' lang='lat' dir='ltr'>legati</span> <span class='ocrx_word' id='word_1_187' title='bbox 800 2207 935 2272; x_wconf 88' lang='lat' dir='ltr'>interro·</span> 
     </span>
     <span class='ocr_line' id='line_1_25' title="bbox 47 2288 936 2376; baseline 0 -23"><span class='ocrx_word' id='word_1_188' title='bbox 47 2291 113 2374; x_wconf 84' lang='lat' dir='ltr'>regi</span> <span class='ocrx_word' id='word_1_189' title='bbox 130 2311 204 2371; x_wconf 87' lang='lat' dir='ltr'>suo,</span> <span class='ocrx_word' id='word_1_190' title='bbox 224 2289 302 2376; x_wconf 86' lang='lat' dir='ltr'>quid</span> <span class='ocrx_word' id='word_1_191' title='bbox 321 2290 361 2354; x_wconf 87' lang='lat' dir='ltr'>de</span> <span class='ocrx_word' id='word_1_192' title='bbox 379 2290 521 2354; x_wconf 88' lang='lat' dir='ltr'>hostium</span> <span class='ocrx_word' id='word_1_193' title='bbox 538 2290 615 2354; x_wconf 90' lang='lat' dir='ltr'>sede</span> <span class='ocrx_word' id='word_1_194' title='bbox 634 2291 805 2370; x_wconf 88' lang='lat' dir='ltr'>sentirent,</span> <span class='ocrx_word' id='word_1_195' title='bbox 822 2288 936 2353; x_wconf 88' lang='lat' dir='ltr'>urbem</span> 
     </span>
     <span class='ocr_line' id='line_1_26' title="bbox 47 2372 933 2458; baseline -0.001 -22"><span class='ocrx_word' id='word_1_196' title='bbox 47 2394 92 2436; x_wconf 93' lang='lat' dir='ltr'>nn</span> <span class='ocrx_word' id='word_1_197' title='bbox 103 2372 167 2436; x_wconf 92' lang='lat' dir='ltr'>sibi</span> <span class='ocrx_word' id='word_1_198' title='bbox 180 2375 294 2455; x_wconf 85' lang='lat' dir='ltr'>visam,</span> <span class='ocrx_word' id='word_1_199' title='bbox 309 2382 457 2437; x_wconf 88' lang='lat' dir='ltr'>senatum</span> <span class='ocrx_word' id='word_1_200' title='bbox 472 2395 587 2458; x_wconf 87' lang='lat' dir='ltr'>regum</span> <span class='ocrx_word' id='word_1_201' title='bbox 604 2395 676 2437; x_wconf 88' lang='lat' dir='ltr'>esse</span> <span class='ocrx_word' id='word_1_202' title='bbox 694 2372 933 2437; x_wconf 82' lang='lat' dir='ltr'>confiterentur.</span> 
     </span>
     <span class='ocr_line' id='line_1_27' title="bbox 47 2455 976 2541; baseline 0.003 -22"><span class='ocrx_word' id='word_1_203' title='bbox 47 2476 96 2520; x_wconf 89' lang='lat' dir='ltr'>rro</span> <span class='ocrx_word' id='word_1_204' title='bbox 107 2457 172 2541; x_wconf 90' lang='lat' dir='ltr'>ipsi</span> <span class='ocrx_word' id='word_1_205' title='bbox 182 2456 295 2521; x_wconf 79' lang='lat' dir='ltr'>duces!</span> <span class='ocrx_word' id='word_1_206' title='bbox 313 2456 367 2521; x_wconf 88' lang='lat' dir='ltr'>vel</span> <span class='ocrx_word' id='word_1_207' title='bbox 378 2458 413 2520; x_wconf 94' lang='lat' dir='ltr'>in</span> <span class='ocrx_word' id='word_1_208' title='bbox 424 2459 548 2538; x_wconf 87' lang='lat' dir='ltr'>eastris,</span> <span class='ocrx_word' id='word_1_209' title='bbox 563 2478 637 2521; x_wconf 85' lang='lat' dir='ltr'>eum</span> <span class='ocrx_word' id='word_1_210' title='bbox 646 2456 807 2520; x_wconf 82' lang='lat' dir='ltr'>medicum</span> <span class='ocrx_word' id='word_1_211' title='bbox 817 2455 933 2521; x_wconf 85' lang='lat' dir='ltr'>venale</span> <span class='ocrx_word' id='word_1_212' title='bbox 943 2473 976 2522; x_wconf 83' lang='lat'>21</span> 
     </span>
     <span class='ocr_line' id='line_1_28' title="bbox 47 2539 936 2624; baseline 0 -22"><span class='ocrx_word' id='word_1_213' title='bbox 47 2548 129 2624; x_wconf 81' lang='lat' dir='ltr'>aput</span> <span class='ocrx_word' id='word_1_214' title='bbox 140 2539 328 2606; x_wconf 84' lang='lat' dir='ltr'>offerentem</span> <span class='ocrx_word' id='word_1_215' title='bbox 340 2539 457 2605; x_wconf 78' lang='lat' dir='ltr'>Curius</span> <span class='ocrx_word' id='word_1_216' title='bbox 467 2542 600 2621; x_wconf 92' lang='lat' dir='ltr'>remisit,</span> <span class='ocrx_word' id='word_1_217' title='bbox 612 2539 783 2604; x_wconf 82' lang='lat' dir='ltr'>Fabricius</span> <span class='ocrx_word' id='word_1_218' title='bbox 795 2539 936 2605; x_wconf 88' lang='lat' dir='ltr'>oblatam</span> 
     </span>
     <span class='ocr_line' id='line_1_29' title="bbox 47 2622 979 2709; baseline 0.001 -24"><span class='ocrx_word' id='word_1_219' title='bbox 47 2642 75 2687; x_wconf 85' lang='lat' dir='ltr'>re</span> <span class='ocrx_word' id='word_1_220' title='bbox 100 2644 118 2687; x_wconf 86' lang='lat' dir='ltr'>e</span> <span class='ocrx_word' id='word_1_221' title='bbox 135 2622 263 2707; x_wconf 90' lang='lat' dir='ltr'>imperii</span> <span class='ocrx_word' id='word_1_222' title='bbox 303 2634 405 2687; x_wconf 84' lang='lat' dir='ltr'>ortem</span> <span class='ocrx_word' id='word_1_223' title='bbox 421 2623 621 2709; x_wconf 80' lang='lat' dir='ltr'>repudiavit3</span> <span class='ocrx_word' id='word_1_224' title='bbox 640 2622 740 2687; x_wconf 85' lang='lat' dir='ltr'>velin</span> <span class='ocrx_word' id='word_1_225' title='bbox 777 2644 843 2704; x_wconf 84' lang='lat' dir='ltr'>oce,</span> <span class='ocrx_word' id='word_1_226' title='bbox 863 2643 979 2694; x_wconf 70' lang='lat' dir='ltr'>cuman</span> 
     </span>
     <span class='ocr_line' id='line_1_30' title="bbox 47 2644 936 2793; baseline 0 -25"><span class='ocrx_word' id='word_1_227' title='bbox 47 2727 54 2769; x_wconf 86' lang='grc' dir='ltr'>ι</span> <span class='ocrx_word' id='word_1_228' title='bbox 90 2704 180 2769; x_wconf 82' lang='lat' dir='ltr'>otilia</span> <span class='ocrx_word' id='word_1_229' title='bbox 198 2727 257 2769; x_wconf 89' lang='lat' dir='ltr'>sua</span> <span class='ocrx_word' id='word_1_230' title='bbox 271 2644 446 2771; x_wconf 52' lang='lat' dir='ltr'>§amnium</span> <span class='ocrx_word' id='word_1_231' title='bbox 463 2706 642 2793; x_wconf 85' lang='lat' dir='ltr'>praeferret</span> <span class='ocrx_word' id='word_1_232' title='bbox 659 2727 747 2786; x_wconf 91' lang='lat' dir='ltr'>auro,</span> <span class='ocrx_word' id='word_1_233' title='bbox 794 2705 936 2769; x_wconf 87' lang='lat' dir='ltr'>abrieius</span> 
     </span>
     <span class='ocr_line' id='line_1_31' title="bbox 47 2788 933 2874; baseline 0.001 -23"><span class='ocrx_word' id='word_1_234' title='bbox 47 2844 49 2851; x_wconf 80' lang='grc'>,</span> <span class='ocrx_word' id='word_1_235' title='bbox 65 2788 173 2874; x_wconf 89' lang='lat' dir='ltr'>pondo</span> <span class='ocrx_word' id='word_1_236' title='bbox 191 2791 318 2873; x_wconf 84' lang='lat' dir='ltr'>argenti</span> <span class='ocrx_word' id='word_1_237' title='bbox 335 2791 422 2853; x_wconf 86' lang='lat' dir='ltr'>cirea</span> <span class='ocrx_word' id='word_1_238' title='bbox 435 2789 587 2853; x_wconf 87' lang='lat' dir='ltr'>Rufinum</span> <span class='ocrx_word' id='word_1_239' title='bbox 607 2788 810 2853; x_wconf 84' lang='lat' dir='ltr'>consularem</span> <span class='ocrx_word' id='word_1_240' title='bbox 825 2789 933 2852; x_wconf 86' lang='lat' dir='ltr'>virum</span> 
     </span>
     <span class='ocr_line' id='line_1_32' title="bbox 47 2871 974 2957; baseline -0.003 -21"><span class='ocrx_word' id='word_1_241' title='bbox 47 2871 205 2936; x_wconf 83' lang='lat' dir='ltr'>luxuriam</span> <span class='ocrx_word' id='word_1_242' title='bbox 219 2876 366 2938; x_wconf 81' lang='lat' dir='ltr'>censoria</span> <span class='ocrx_word' id='word_1_243' title='bbox 382 2874 543 2956; x_wconf 83' lang='lat' dir='ltr'>gravitate</span> <span class='ocrx_word' id='word_1_244' title='bbox 556 2872 733 2936; x_wconf 85' lang='lat' dir='ltr'>damnaret.</span> <span class='ocrx_word' id='word_1_245' title='bbox 765 2872 837 2957; x_wconf 89' lang='lat' dir='ltr'>quis</span> <span class='ocrx_word' id='word_1_246' title='bbox 854 2893 932 2955; x_wconf 87' lang='lat' dir='ltr'>ergo</span> <span class='ocrx_word' id='word_1_247' title='bbox 942 2885 974 2932; x_wconf 65' lang='lat'>25</span> 
     </span>
    </p>
   </div>
   <div class='ocr_carea' id='block_1_3' title="bbox 47 2953 880 3101">
    <p class='ocr_par' dir='ltr' id='par_1_3' title="bbox 47 2953 880 3101">
     <span class='ocr_line' id='line_1_33' title="bbox 47 2953 880 3101; baseline -0.001 -82"><span class='ocrx_word' id='word_1_248' title='bbox 47 2953 129 3019; x_wconf 86' lang='lat' dir='ltr'>rhis</span> <span class='ocrx_word' id='word_1_249' title='bbox 142 2954 285 3020; x_wconf 90' lang='lat' dir='ltr'>moribus</span> <span class='ocrx_word' id='word_1_250' title='bbox 303 2977 341 3020; x_wconf 89' lang='lat' dir='ltr'>ea</span> <span class='ocrx_word' id='word_1_251' title='bbox 357 2958 478 3020; x_wconf 89' lang='lat' dir='ltr'>virtute</span> <span class='ocrx_word' id='word_1_252' title='bbox 489 2955 628 3019; x_wconf 90' lang='lat' dir='ltr'>militum</span> <span class='ocrx_word' id='word_1_253' title='bbox 639 2956 880 3101; x_wconf 52' lang='lat' dir='ltr'>exemitumssss,</span> 
     </span>
    </p>
   </div>
   <div class='ocr_carea' id='block_1_4' title="bbox 47 2954 971 3556">
    <p class='ocr_par' dir='ltr' id='par_1_4' title="bbox 47 2954 971 3556">
     <span class='ocr_line' id='line_1_34' title="bbox 889 2954 934 3018; baseline -0.022 0"><span class='ocrx_word' id='word_1_254' title='bbox 889 2954 934 3018; x_wconf 70' lang='lat' dir='ltr'>ul‘</span> 
     </span>
     <span class='ocr_line' id='line_1_35' title="bbox 47 2977 923 3125; baseline -0.003 -22"><span class='ocrx_word' id='word_1_255' title='bbox 47 3037 201 3119; x_wconf 79' lang='lat' dir='ltr'>sifuisse,</span> <span class='ocrx_word' id='word_1_256' title='bbox 223 3061 352 3125; x_wconf 91' lang='lat' dir='ltr'>unoque</span> <span class='ocrx_word' id='word_1_257' title='bbox 365 3038 451 3104; x_wconf 93' lang='lat' dir='ltr'>bello</span> <span class='ocrx_word' id='word_1_258' title='bbox 467 3039 643 3103; x_wconf 86' lang='lat' dir='ltr'>Tarentino</span> <span class='ocrx_word' id='word_1_259' title='bbox 661 3040 749 3102; x_wconf 88' lang='lat' dir='ltr'>intra</span> <span class='ocrx_word' id='word_1_260' title='bbox 766 3059 829 3124; x_wconf 90' lang='lat' dir='ltr'>qua</span> <span class='ocrx_word' id='word_1_261' title='bbox 868 2977 923 3101; x_wconf 69' lang='lat' dir='ltr'>Per,</span> 
     </span>
     <span class='ocr_line' id='line_1_36' title="bbox 47 3122 935 3207; baseline -0.003 -22"><span class='ocrx_word' id='word_1_262' title='bbox 47 3122 209 3185; x_wconf 82' lang='lat' dir='ltr'>naximam</span> <span class='ocrx_word' id='word_1_263' title='bbox 224 3132 350 3207; x_wconf 83' lang='lat' dir='ltr'>partem</span> <span class='ocrx_word' id='word_1_264' title='bbox 360 3122 490 3203; x_wconf 80' lang='lat' dir='ltr'>Italiae,</span> <span class='ocrx_word' id='word_1_265' title='bbox 509 3122 703 3187; x_wconf 85' lang='lat' dir='ltr'>fortissimas</span> <span class='ocrx_word' id='word_1_266' title='bbox 714 3130 842 3206; x_wconf 88' lang='lat' dir='ltr'>gentes,</span> <span class='ocrx_word' id='word_1_267' title='bbox 860 3141 935 3204; x_wconf 90' lang='lat' dir='ltr'>opu·</span> 
     </span>
     <span class='ocr_line' id='line_1_37' title="bbox 47 3203 971 3291; baseline -0.002 -26"><span class='ocrx_word' id='word_1_268' title='bbox 47 3206 133 3269; x_wconf 64' lang='lat' dir='ltr'>rimas</span> <span class='ocrx_word' id='word_1_269' title='bbox 144 3204 242 3270; x_wconf 91' lang='lat' dir='ltr'>urbes</span> <span class='ocrx_word' id='word_1_270' title='bbox 254 3205 496 3291; x_wconf 83' lang='lat' dir='ltr'>uberrimasque</span> <span class='ocrx_word' id='word_1_271' title='bbox 508 3206 659 3288; x_wconf 85' lang='lat' dir='ltr'>regiones</span> <span class='ocrx_word' id='word_1_272' title='bbox 672 3204 752 3269; x_wconf 91' lang='lat' dir='ltr'>sube</span> <span class='ocrx_word' id='word_1_273' title='bbox 775 3203 865 3267; x_wconf 85' lang='lat' dir='ltr'>isse?</span> <span class='ocrx_word' id='word_1_274' title='bbox 881 3210 936 3264; x_wconf 89' lang='lat' dir='ltr'>aut</span> <span class='ocrx_word' id='word_1_275' title='bbox 945 3214 971 3244; x_wconf 59' lang='lat' dir='ltr'>‘h</span> 
     </span>
     <span class='ocr_line' id='line_1_38' title="bbox 47 3226 935 3387; baseline -0.007 -34"><span class='ocrx_word' id='word_1_276' title='bbox 47 3288 107 3353; x_wconf 84' lang='lat' dir='ltr'>deo</span> <span class='ocrx_word' id='word_1_277' title='bbox 118 3287 216 3353; x_wconf 87' lang='lat' dir='ltr'>fidem</span> <span class='ocrx_word' id='word_1_278' title='bbox 230 3298 367 3387; x_wconf 80' lang='lat' dir='ltr'>superet,</span> <span class='ocrx_word' id='word_1_279' title='bbox 385 3310 481 3375; x_wconf 91' lang='lat' dir='ltr'>quam</span> <span class='ocrx_word' id='word_1_280' title='bbox 498 3289 526 3352; x_wconf 92' lang='lat' dir='ltr'>si</span> <span class='ocrx_word' id='word_1_281' title='bbox 539 3290 699 3374; x_wconf 83' lang='lat' dir='ltr'>principia</span> <span class='ocrx_word' id='word_1_282' title='bbox 708 3226 788 3351; x_wconf 69' lang='lat' dir='ltr'>befii</span> <span class='ocrx_word' id='word_1_283' title='bbox 798 3307 871 3349; x_wconf 86' lang='lat' dir='ltr'>oum</span> <span class='ocrx_word' id='word_1_284' title='bbox 880 3304 935 3347; x_wconf 81' lang='lat' dir='ltr'>ex·</span> 
     </span>
     <span class='ocr_line' id='line_1_39' title="bbox 47 3370 935 3504; baseline -0.008 -68"><span class='ocrx_word' id='word_1_285' title='bbox 47 3370 228 3437; x_wconf 78' lang='lat' dir='ltr'>rferantur?</span> <span class='ocrx_word' id='word_1_286' title='bbox 244 3383 349 3436; x_wconf 85' lang='lat' dir='ltr'>vrotor</span> <span class='ocrx_word' id='word_1_287' title='bbox 365 3373 470 3457; x_wconf 90' lang='lat' dir='ltr'>primo</span> <span class='ocrx_word' id='word_1_288' title='bbox 483 3371 606 3504; x_wconf 52' lang='lat' dir='ltr'>{rroelio</span> <span class='ocrx_word' id='word_1_289' title='bbox 618 3370 774 3456; x_wconf 87' lang='lat' dir='ltr'>Pyrrhus,</span> <span class='ocrx_word' id='word_1_290' title='bbox 791 3377 860 3432; x_wconf 85' lang='lat' dir='ltr'>tota</span> <span class='ocrx_word' id='word_1_291' title='bbox 871 3375 935 3429; x_wconf 86' lang='lat' dir='ltr'>tre·</span> 
     </span>
     <span class='ocr_line' id='line_1_40' title="bbox 60 3451 937 3556; baseline -0.006 -48"><span class='ocrx_word' id='word_1_292' title='bbox 60 3452 239 3540; x_wconf 73' lang='lat' dir='ltr'>campania</span> <span class='ocrx_word' id='word_1_293' title='bbox 256 3454 360 3518; x_wconf 77' lang='lat' dir='ltr'>Lirim</span> <span class='ocrx_word' id='word_1_294' title='bbox 379 3455 486 3524; x_wconf 68' lang='lat' dir='ltr'>Fregp</span> <span class='ocrx_word' id='word_1_295' title='bbox 499 3454 611 3508; x_wconf 61' lang='lat' dir='ltr'>launna</span> <span class='ocrx_word' id='word_1_296' title='bbox 630 3451 811 3556; x_wconf 43' lang='lat' dir='ltr'>ronnlntgff,</span> <span class='ocrx_word' id='word_1_297' title='bbox 834 3470 937 3512; x_wconf 66' lang='lat' dir='ltr'>’trane</span> 
     </span>
    </p>
   </div>
   <div class='ocr_carea' id='block_1_5' title="bbox 0 0 1138 3832">
    <p class='ocr_par' dir='ltr' id='par_1_5' title="bbox 0 0 1138 3832">
     <span class='ocr_line' id='line_1_41' title="bbox 0 0 1138 3832; baseline 0 0"><span class='ocrx_word' id='word_1_298' title='bbox 0 0 1138 3832; x_wconf 95' lang='lat' dir='ltr'> </span> 
     </span>
    </p>
   </div>
  </div>
 </body>
</html>
