2266 3832
349 196 376 277 I,
388 198 439 261 36.
452 199 493 260 37
505 195 567 283 [111,
583 201 610 261 1.
624 200 667 286 23.
969 205 1010 267 49

10 386 81 431 unc
95 364 233 429 urbibus
256 371 389 428 exutmn
413 386 524 449 regem
548 374 579 429 et
600 366 664 428 iam
684 364 797 429 finium
815 388 945 432 sucrum
962 389 1010 432 re·
1024 379 1058 428 12

10 450 127 535 pnique
142 446 318 532 flngitivum
357 468 392 511 er
413 448 546 513 Mauros
568 448 611 513 ad
633 469 675 511 ue
695 448 879 514 Gaetuliam
898 471 1011 536 seque-

10 539 111 597 tatur.
145 540 308 616 postremo
367 531 455 595 arius
475 533 578 596 auctis
602 553 621 594 a
678 531 775 596 odum
794 535 911 620 copiis,
938 555 1012 597 cum
1025 548 1059 600 13

10 636 62 681 tro
84 613 283 678 obscuritate
304 615 433 698 generis
457 618 507 678 sui
536 616 641 700 capite
672 637 786 680 censos
808 626 1009 681 sacramento
1054 689 1057 694 ,

10 698 45 765 td
91 699 184 779 'set,
206 699 272 761 iam
293 696 401 762 farsum
421 706 454 762 et
474 700 619 762 saucium
641 720 752 783 regem
774 700 923 781 adortus,
946 721 1012 765 non

10 782 66 847 'ac'
84 782 133 845 'ns
149 789 259 845 tamen
276 781 355 844 vicit
368 802 464 866 quam
481 782 509 845 si
525 782 688 865 integrum
705 803 744 845 ac
760 792 933 847 recentem.
956 783 1009 847 hic
1020 788 1053 837 14

10 874 35 931 tt
49 863 167 929 urbem
180 863 222 928 ab
233 863 375 929 Hercule
392 865 555 930 conditam
567 863 716 950 Capsam,
733 866 768 928 in
779 866 886 930 media
896 865 1012 929 Africa

10 948 59 1013 titi
82 946 245 1031 anguibus
265 947 461 1034 harenisque
482 947 657 1029 vallatam,
673 949 757 1011 mira
778 944 918 1047 quadam
940 948 1011 1013 feli-

10 1032 104 1097 citare
129 1031 311 1116 superavit,
338 1039 371 1096 et
397 1052 496 1096 saxeo
530 1031 667 1095 inditam
694 1040 796 1095 mont1
825 1032 1013 1096 Mulucham

10 1112 120 1179 arbem
135 1135 195 1199 per
209 1113 366 1198 Ligurem
382 1115 473 1180 aditu
493 1114 594 1180 arduo
611 1115 841 1202 inaccessoque
862 1125 1012 1201 penetra-

10 1198 62 1262 rit.
89 1217 168 1261 mox
180 1219 247 1262 non
263 1199 371 1283 ipsum
390 1196 495 1280 modo,
517 1198 576 1261 sed
592 1196 758 1262 Bocchum
775 1221 837 1284 quo
859 1220 901 1262 ue
917 1198 1055 1264 Mau-15

10 1280 151 1346 reteniae
170 1302 298 1367 regem,
320 1281 391 1345 iure
414 1281 582 1365 sanguinis
602 1279 761 1345 Numidas
782 1282 839 1344 vin
865 1283 1011 1363 cantem,

10 1372 84 1451 spnt
102 1364 256 1449 oppidum
273 1363 397 1430 Cirtam
455 1368 560 1428 ariter
577 1365 705 1428 cecidit.
735 1365 791 1450 qui
807 1364 864 1428 ubi
881 1364 1009 1428 diffisus
1021 1383 1054 1435 lo

10 1444 104 1513 rebus
124 1449 191 1511 suis
213 1447 339 1511 alienae
361 1446 412 1511 cla
437 1451 463 1512 's
486 1448 630 1512 accessio
654 1446 726 1511 fieri
747 1448 848 1529 timet,
872 1449 1011 1533 pretium

10 1528 149 1597 ioedcris
176 1530 282 1616 adque
309 1531 469 1595 amicitiae
496 1552 607 1616 regem
633 1530 722 1595 facit.
757 1531 804 1595 sic
824 1530 1056 1604 fraudulen-17

10 1614 148 1679 issimus
164 1634 200 1677 re
302 1613 417 1677 fraude
439 1635 541 1697 gener
561 1615 667 1678 soceri
689 1616 739 1678 sui
756 1616 791 1677 in
808 1614 943 1678 insidias
958 1614 1012 1678 de-

10 1698 121 1763 luctus
143 1694 201 1762 Sul
214 1717 253 1760 ae
274 1698 310 1761 in
330 1717 462 1760 manum
481 1696 629 1778 traditur,
651 1697 847 1783 tandemque
865 1707 1013 1781 opertum

10 1780 129 1845 eatenis
146 1778 164 1843 I
232 1779 338 1844 rtham
354 1781 389 1843 in
406 1779 567 1865 triumpho
585 1779 723 1865 populus
739 1780 904 1844 Romanus
921 1802 1012 1879 aspe-

10 1864 65 1927 xit.
99 1861 158 1927 sed
181 1862 234 1926 'le
256 1884 392 1948 quoque,
414 1864 561 1949 quamvis
584 1865 690 1927 victus
706 1884 744 1926 ac
765 1865 906 1945 vinctus,
929 1865 1013 1928 vidit
1025 1880 1059 1932 18

10 1944 132 2026 urim,
153 1966 250 2032 quam
269 1945 418 2010 venalem
440 1955 472 2010 et
493 1946 685 2032 quandoque
704 1947 890 2032 perituram,
914 1948 943 2010 si
957 1947 1012 2011 ha-

10 2030 130 2093 nnisset
150 2049 201 2092 em
223 2037 342 2110 torem,
371 2029 493 2092 frustra
518 2031 688 2093 cecinerat.
722 2031 801 2111 iam,
826 2038 862 2093 ut
885 2029 1012 2093 venalis

10 2112 129 2193 miscet,
151 2050 266 2176 haduis
286 2121 478 2197 emptorem3
501 2133 574 2175 cum
593 2111 686 2175 illurn
708 2122 866 2193 evaserat,
889 2120 1013 2175 certum

10 2204 77 2259 arat
95 2216 163 2259 non
183 2216 255 2260 esse
274 2199 461 2280 perituram.

139 2324 322 2390 XXXVII.
348 2325 533 2390 BELLVM
554 2323 874 2390 ALLOBROGVM.

93 2440 148 2508 Sic
157 2443 202 2508 ad
211 2443 380 2507 meridiem
387 2443 527 2542 populus
540 2444 715 2508 Romanus.
738 2443 839 2509 multo
850 2445 992 2509 atrocius
1002 2439 1084 2520 111,2

10 2536 38 2591 et
63 2524 286 2612 multipliciter
309 2548 362 2589 ma
398 2549 413 2590 s
441 2549 461 2589 a
488 2527 705 2612 septentrione
727 2528 970 2591 venientem**
982 2528 1010 2591 *.

10 2608 89 2675 nihil
116 2609 178 2673 hac
205 2607 303 2708 plaga
325 2610 360 2674 in
376 2611 485 2674 estius.
520 2618 615 2675 atrox
636 2608 777 2691 caelum,
807 2611 942 2696 perinde
964 2613 1037 2678 ina

10 2693 115 2779 genia.
155 2694 243 2757 omni
262 2694 363 2777 1gitur
384 2701 489 2758 tractu
509 2693 671 2758 violentus
691 2693 808 2775 hostis,
838 2715 857 2756 a
886 2694 1010 2758 dextris

10 2784 105 2863 atque
125 2775 229 2839 laevis
252 2784 284 2839 ct
307 2797 328 2839 a
348 2776 455 2841 medio
478 2777 706 2862 septentrionis
730 2779 846 2863 erupit.

96 2857 208 2923 Prima
227 2868 317 2922 trans
339 2859 440 2945 Alpes
468 2880 558 2923 arma
582 2869 694 2925 nostra
721 2882 852 2924 sensere
874 2857 1038 2944 Saluvii,3

10 2964 82 3009 cam
101 2941 143 3008 de
165 2943 212 3005 eis
231 2941 390 3006 fidissima
405 2954 438 3006 at
461 2966 501 3007 ue
517 2945 712 3007 amicissima
730 2945 845 3008 civitas
863 2943 1012 3009 Massilia

10 3033 213 3113 quer-eretum,
234 3024 370 3090 Allobro
395 3048 429 3090 es
439 2965 563 3090 deinde
581 3036 613 3090 et
627 3027 785 3108 Arverni,
809 3049 882 3091 curn
896 3028 1034 3093 adver-c

10 3130 63 3173 sus
79 3128 137 3175 ecs
153 3107 275 3172 similes
290 3047 501 3174 Haeduorum
518 3109 680 3195 querellae
698 3132 793 3197 opem
809 3119 841 3174 et
854 3111 1009 3176 auxilinm

10 3200 155 3259 noenum
171 3190 370 3276 flagitarent:
393 3194 560 3279 utriusque
577 3195 734 3258 victoriae
753 3202 851 3259 testes
869 3193 962 3257 Isara
980 3209 1010 3256 er

10 3274 201 3340 Vindelicus
219 3295 330 3339 amnes
353 3285 385 3339 et
406 3278 440 3339 in
463 3277 534 3361 iger
549 3276 716 3341 fluminum
733 3277 921 3342 Rhodanus.
947 3297 1008 3338 ma·
1021 3309 1038 3343 a

10 3360 116 3423 ximus
132 3356 282 3424 barbaris
299 3367 404 3423 terror
424 3299 586 3443 elephanti
607 3360 707 3441 fuere,
729 3360 911 3423 inmanitati
934 3380 1011 3442 gen·

10 3442 90 3506 tium
111 3462 218 3527 pares.
252 3441 418 3506 nihilium
442 3445 650 3527 conspicuum
676 3445 711 3507 in
733 3442 893 3526 triumpho
916 3463 1010 3514 unam

49 3547 163 3594 nosve.
