2266 3832
188 215 231 279 46
535 218 780 277 duruerit

190 392 245 458 cst,
259 384 307 461 qui
324 380 725 460 posteadugustusestdictus
738 384 996 460 etrerompotitus.
1018 381 1120 456 erarc

189 467 311 545 proiecti
324 475 421 526 contra
431 466 582 526 Antonium
596 475 654 525 tres
667 466 755 525 duces
766 468 895 526 vicerunt
907 483 983 525 eum.
1008 465 1119 527 Evenit

189 560 292 626 tamen,
306 559 335 608 ut
346 553 471 609 victores
485 548 617 609 consules
630 551 711 609 ambo
723 557 908 609 morerentur.
940 548 1045 623 Quare
1058 559 1118 610 tres

193 635 335 694 exercitus
347 636 394 692 uni
407 630 522 694 Caesari
533 633 663 711 Augusto
677 642 837 712 pamerunt.

255 752 343 812 Gar.
358 749 396 809 ΙΙ.
427 749 552 828 Fugatus
566 748 704 809 Antonius
718 749 822 807 amisso
834 749 963 808 exercitu
979 749 1118 829 confugit

190 835 225 897 ad
236 834 387 914 Lepidum,
412 836 460 913 qui
474 832 589 893 Caesari
607 833 741 911 magister
752 833 877 911 equitum
889 831 983 892 fuerat
1001 841 1036 892 et
1058 843 1117 894 tum

191 921 288 997 copias
309 918 426 978 miiitum
441 917 562 995 grandes
586 917 717 977 habebat.
755 914 855 994 Aque
877 924 1036 994 susceptus
1060 927 1115 979 est.

189 1003 257 1063 Mox
269 1002 377 1080 Lepido
391 1018 507 1079 operam
519 1000 601 1061 dante
614 999 794 1061 Caesareum
808 999 930 1060 Antonio
950 1017 1061 1078 pacem
1073 1002 1115 1062 ie·

190 1091 228 1147 cit
241 1096 269 1146 et
281 1088 361 1164 quasi
372 1084 562 1144 vindicaturus
583 1087 670 1162 patris
682 1086 725 1144 sui
737 1092 872 1161 mortem,
895 1100 984 1162 aquo
997 1100 1057 1163 per
1072 1094 1115 1146 te·

189 1179 354 1231 stamentum
366 1169 458 1228 iuerat
468 1169 633 1246 adoptatus,
650 1168 769 1228 Romam
785 1186 848 1228 cum
868 1169 997 1228 exercitu
1012 1170 1116 1248 proie-

190 1264 252 1314 ctus
265 1255 401 1329 extorsit,
421 1262 451 1312 ut
469 1254 524 1313 sibi
535 1273 581 1315 xx.
598 1271 669 1313 anno
687 1253 849 1313 consulatus
865 1251 988 1312 daretur.
1021 1253 1115 1315 Sena-

189 1348 246 1400 tum
262 1339 431 1417 proscripsit
449 1355 512 1397 cum
524 1336 646 1398 Antonio
665 1346 693 1397 et
711 1336 820 1416 Lepido
838 1345 867 1396 et
886 1354 947 1396 rem
963 1335 1116 1414 publicam

84 1446 87 1452 ·
190 1426 273 1484 armis
285 1432 381 1483 tenere
395 1424 501 1500 coepit.
532 1421 586 1480 Per
596 1421 650 1481 hos
661 1423 744 1481 etiam
757 1418 861 1481 Cicero
879 1428 978 1481 orator
990 1424 1115 1484 occisus

192 1516 237 1566 ost
248 1507 384 1584 multique
396 1505 443 1565 alii
454 1505 576 1565 nobiles.

253 1625 339 1683 cnr.
353 1621 403 1681 ΙΙΙ.
417 1621 485 1702 (ΙΙ.)
506 1620 617 1695 Interea
628 1620 730 1681 Brutus
744 1629 773 1680 et
785 1618 922 1698 cassius,
941 1622 1113 1684 interiecto·

126 1717 179 1759 cv·
188 1726 236 1766 res
252 1704 401 1782 Caesaris,
425 1708 526 1783 ingens
539 1704 644 1765 bellom
664 1712 822 1764 moverunt.
857 1703 944 1765 Erant
959 1707 1037 1766 enim
1061 1723 1114 1786 pet

131 1786 176 1827 '¹⁰‘
186 1790 381 1852 Macedoniam
393 1788 574 1849 etOrientem
589 1788 667 1848 multi
682 1790 836 1865 exercitus,
854 1804 926 1868 quos
943 1807 1115 1868 occupave-

186 1885 256 1936 rant.
288 1874 411 1933 Profecti
434 1882 504 1932 sunt
517 1875 603 1950 igitur
621 1882 720 1933 contra
739 1889 790 1932 eos
809 1870 916 1933 Caesar
934 1871 1116 1936 Octavianus

185 1958 331 2036 Augustus
350 1967 379 2017 ct
391 1955 430 2017 Μ.
442 1956 581 2016 Antonius
597 1955 786 2034 (remanserat
806 1958 879 2016 enim
894 1956 928 2016 ad
949 1956 1115 2021 defenden-

187 2041 521 2122 damltaiiamLepidus).
543 2040 1115 2123 ApudPhilippos,Macedoniaeurbem,

188 2138 284 2188 contra
303 2144 354 2186 eos
378 2134 582 2205 pugnaverunt.
615 2125 707 2186 Primo
723 2124 834 2204 proelio
849 2126 917 2185 victi
935 2133 1001 2185 sunt
1017 2126 1114 2189 Anto·

187 2216 249 2272 nius
262 2222 290 2271 et
306 2209 426 2287 Caesar,
451 2213 535 2289 periit
550 2220 643 2270 tamen
661 2210 717 2269 dux
730 2209 886 2269 nobilitatis
898 2207 1034 2288 Cassius,
1061 2231 1114 2273 se·

188 2296 280 2356 cundo
292 2295 407 2354 Brutum
420 2305 448 2354 et
460 2295 593 2354 infinitam
603 2293 788 2374 nobilitatem,
809 2311 882 2372 quae
895 2291 1030 2354 cumillis
1045 2295 1114 2356 bel-

187 2379 243 2438 iom
254 2376 396 2456 gesserat,
406 2379 508 2437 victam
521 2376 731 2436 interfecerunt.
754 2377 798 2434 Ac
809 2379 853 2437 sic
865 2379 936 2437 inter
948 2393 1000 2436 eos
1014 2377 1115 2441 divisa

188 2471 232 2521 est
249 2480 295 2521 res
313 2459 436 2538 publica,
456 2469 486 2519 ut
497 2460 642 2539 Augustus
654 2458 814 2537 Hispanias,
834 2459 938 2521 Gallias
955 2459 1112 2524 atltaliam

187 2554 308 2621 teneret,
325 2543 463 2603 Antonius
475 2544 588 2621 Asiam,
604 2543 732 2621 Pontum,
746 2543 900 2605 Orientem.
938 2544 996 2605 Sed
1010 2548 1039 2606 in
1051 2545 1114 2609 Ita·

119 2628 174 2669 Mi·
186 2629 224 2689 lia
235 2628 266 2688 L.
278 2629 417 2687 Antonius
431 2627 530 2687 consul
541 2627 646 2687 bellum
658 2628 742 2687 civile
755 2630 917 2706 commovit,
933 2630 1022 2689 irater
1030 2632 1115 2710 eius,

128 2697 174 2738 ⁷¹¹·
187 2716 235 2792 qui
252 2731 315 2772 cum
329 2710 452 2771 Caesare
469 2721 566 2771 contra
576 2710 690 2771 Brutum
709 2710 895 2793 Cassiumque
912 2712 1112 2776 dimicaverat.

118 2815 173 2858 no.
187 2797 215 2856 Is
228 2796 302 2875 apud
312 2795 468 2873 Perusiam,
481 2795 602 2855 Tusciae
615 2797 768 2873 civitatem,
780 2798 873 2856 victus
886 2807 914 2857 et
932 2805 1033 2875 captus
1047 2807 1114 2878 ost,

128 2883 173 2926 ²¹²·
187 2899 281 2959 neque
293 2882 418 2939 occisus.

130 2990 186 3033 MJ-
252 2982 303 3041 Oa
313 3001 340 3040 r.
359 2978 407 3039 tv.
421 2978 504 3060 (ΙΙΙ.)
528 2980 640 3041 Interim
655 2981 771 3042 aSexto
783 2980 937 3059 Pompeio,
956 2980 1007 3041 Cn.
1019 2980 1109 3044 Pom·

135 3059 246 3143 ⁷¹⁹·peii
257 3064 352 3143 Magni
371 3063 448 3141 ulio,
468 3067 568 3143 ingens
580 3066 685 3125 bellum
702 3067 730 3124 in
742 3065 839 3125 Sicilia
857 3074 1027 3124 commotum
1047 3076 1107 3145 est,

187 3153 233 3227 iis,
248 3151 295 3228 qui
308 3147 503 3212 superfuerant
520 3169 555 3209 ex
568 3150 694 3210 ruribus
707 3149 783 3209 Bruti
799 3148 965 3236 Cassiique,
990 3148 1026 3209 ad
1038 3163 1108 3211 eum

190 3233 387 3294 confirmati,.--.-
441 3232 561 3280 'allatum
658 3239 787 3280 isonam
813 3233 960 3312 irpgugtum
972 3231 1107 3296 natania-

120 3335 242 3377 Δμινιι...
286 3361 289 3363 Α
331 3317 343 3364 i.
395 3351 412 3364 ..
486 3351 520 3364 .,
559 3355 573 3360 ..
615 3355 618 3358 ,
664 3355 677 3364 ,,
713 3340 765 3364 ιη,
803 3351 809 3364 .
847 3319 943 3364 ’nmrn
957 3355 995 3360 .....
1053 3317 1108 3380 pax

131 3405 152 3443 ΙΙ
202 3435 322 3448 .....,,.
379 3435 402 3448 ...
453 3435 468 3448 ..
