2266 3832
105 194 146 269 86
463 209 752 259 rnomuerrone.

62 382 93 435 ol
190 365 231 429 In
255 364 344 431 Aria.
369 382 498 449 quoque
530 358 637 425 nevus
666 381 777 427 rerum
806 368 917 427 motus
946 384 971 429 a
997 362 1107 448 Ponto,

104 451 198 539 quari
217 448 258 515 de
277 446 437 513 industria
459 465 497 509 ca
628 442 760 509 fortuna
777 442 866 509 hanc
886 444 1107 515 Mithridatico

104 555 206 621 regno
228 532 368 613 exitum,
391 538 429 595 ut
455 550 480 592 a
523 528 650 613 ompeio
670 536 766 614 pater
809 548 835 592 a
851 526 1002 595 Caesare
1025 530 1107 597 iilius

61 619 301 691 connectetur.
342 635 403 681 rex
423 611 611 679 Pharnacea
709 612 717 627 ‘
763 576 950 679 ‹liscordiso
979 622 1108 680 emmae

103 701 226 769 fiducia
257 719 355 784 quam
381 717 459 763 suae
495 695 625 761 virtutis
656 696 664 711 ’
739 704 776 775 to
801 696 838 759 in
865 694 1108 783 Cappadociam

63 785 235 869 aaagminc
262 780 388 847 ruebat
433 778 492 845 sed
517 778 605 844 hune
627 777 748 844 Caesar·
773 779 952 864 mgnum
979 802 1048 847 uno
1070 790 1107 865 et,

104 877 141 933 ut
168 868 216 935 sic
245 865 398 946 dixerim,
425 884 493 929 non
519 870 591 928 toto
611 862 736 949 pruche
757 862 908 946 obtriuit,
936 884 1033 931 mora
1050 864 1107 929 ful-

104 952 217 1031 minis,
240 947 327 1035 quod
347 968 412 1011 uno
432 945 610 1033 eodemque
631 956 791 1012 momento
812 948 919 1029 venit,
937 949 1106 1033 percussit,

104 1033 273 1100 abscessit.
322 1051 383 1097 uec
409 1051 496 1095 vana
524 1029 566 1094 dc
588 1051 624 1094 se
643 1031 843 1116 praedicatio
869 1039 920 1095 est
947 1030 1105 1113 Caesaris,

105 1126 180 1183 ante
201 1117 328 1181 hostem
348 1114 472 1179 victum
493 1134 566 1178 esse
587 1135 684 1199 quam
702 1115 820 1179 visum.
1111 1131 1131 1172 o

62 1214 96 1265 64
190 1198 245 1265 Sic
265 1220 339 1263 oum
359 1198 495 1279 exteris3
518 1204 552 1260 at
573 1198 608 1259 in
628 1197 744 1262 Africa
761 1219 835 1262 cum
857 1197 989 1263 civibus
1009 1197 1104 1262 multo

105 1286 246 1351 atrocius
276 1304 373 1369 quam
403 1283 440 1346 in
469 1279 649 1345 Pharsalia.
700 1281 754 1345 hic
783 1280 846 1345 reli
866 1282 939 1344 uias
968 1282 1105 1367 partium

105 1368 339 1452 naufragarum
359 1364 492 1452 quidam
511 1363 610 1448 fingas
636 1373 746 1428 aestus
768 1385 832 1449 oxp
868 1371 956 1447 erat3
978 1384 1104 1429 neore

62 1451 222 1538 reliquias
245 1450 386 1529 diceres,
410 1447 469 1545 sed
489 1449 653 1531 integrum
671 1446 804 1512 bollum.
847 1468 983 1533 sparsae
1004 1448 1104 1546 magia

104 1538 773 1699 atti,ussltttafhttlattssttt
788 1538 1126 1678 afflatur?

104 1696 662 1864 tte-'luttluttlstultt
682 1696 825 1865 {¹3me
848 1697 1105 1845 turult

62 1879 96 1932 66
105 1864 203 1945 Iuba,
231 1863 384 1928 videlicet
407 1872 445 1927 ut
464 1862 562 1927 latius
581 1865 726 1928 vinceret
747 1863 880 1929 Caesar.
922 1863 1047 1927 nihile

104 1951 188 2015 inter
214 1945 418 2011 Pharsaliam
445 1954 477 2011 et
504 1945 671 2032 Thapson,
702 1949 767 2011 nisi
799 1947 887 2033 quod
912 1968 966 2011 am
989 1946 1034 2012 lio
1093 1960 1131 2028 3²

106 2053 207 2119 eoque
235 2033 340 2096 acrior
362 2029 638 2096 Caesareanorum
669 2032 676 2046 ‘
831 2031 909 2115 fuit,
933 1968 1104 2114 inligaru-

666 2053 712 2094 1m
734 2039 805 2095 etus

104 2118 186 2181 tium
205 2125 279 2201 post
299 2115 490 2200 Pompeium
510 2115 652 2178 crevisse
677 2053 817 2197 bellum
843 2114 997 2200 denique,
1019 2111 1106 2201 quod

106 2200 187 2267 alias
212 2220 401 2286 numquam,
431 2208 506 2262 ante
530 2199 699 2284 imperium
730 2197 823 2262 ducis
846 2218 906 2263 sua
927 2204 1044 2282 sponte
1064 2196 1105 2260 si·

62 2300 95 2352 67
106 2304 172 2368 gna
193 2284 389 2347 cecinerunt.
417 2291 450 2346 et
469 2281 610 2366 primum
625 2291 751 2365 strages
770 2303 792 2344 a
810 2280 894 2345 Iuba
913 2280 1031 2364 eoepit,
1052 2300 1105 2343 cu·

106 2369 157 2430 ius
184 2365 346 2462 elephanti
371 2365 530 2429 bellorum
556 2365 661 2428 rudes
682 2373 714 2429 ot
743 2386 846 2450 nuper
871 2386 893 2427 a
921 2362 1008 2427 silva
1028 2383 1132 2427 eon-a

107 2456 240 2514 sternata
259 2448 366 2513 subito
387 2447 540 2531 clangore
557 2448 710 2512 lituorum
730 2449 765 2512 in
785 2469 861 2513 suos
875 2468 948 2512 sese
969 2446 1104 2510 circum

17 2530 25 2548 ⁹
106 2552 212 2614 egere.
257 2532 365 2594 atatim
387 2531 548 2594 exercitus
568 2531 604 2594 in
623 2531 750 2616 fugam,
778 2553 838 2596 nec
867 2531 966 2596 duces
986 2528 1105 2593 fortius

105 2634 203 2699 quam
229 2622 265 2676 ut
295 2614 484 2762 effuzarent.
536 2636 603 2679 non
635 2616 846 2700 inconspicua
874 2623 985 2678 tamen
1017 2634 1105 2677 mors

62 2697 257 2761 (tssomnium.
279 2698 345 2760 iam
389 2698 474 2782 cipio
495 2719 580 2762 nave
600 2698 762 2783 fugiebat3
784 2698 843 2763 aad
864 2697 1029 2763 adsecutis
1048 2696 1105 2759 ho

104 2779 208 2845 stibus
234 2779 381 2863 gladium
403 2802 461 2865 per
487 2782 616 2846 viscera
637 2784 748 2881 exegit
770 2790 815 2864 et,
842 2781 900 2847 ubi
920 2788 1008 2845 essct
1048 2800 1133 2843 llo-,1

104 2863 179 2927 dam
199 2865 398 2949 requirente,
425 2865 592 2949 respondit
613 2865 674 2928 hoo
699 2888 806 2951 rpsum
827 2866 929 2929 ‘bene
950 2884 986 2927 se
1006 2862 1051 2926 ha
1074 2871 1106 2926 et

62 2947 309 3044 temperator!
353 2947 437 3011 Iuba
463 2969 536 3012 eum
563 2971 598 3013 se
623 2951 802 3034 recepisset
822 2952 857 3014 in
876 2948 1016 3033 regiam,
1038 2966 1105 3009 ma

104 3029 221 3114 gnifica
255 3029 402 3116 epulatus
431 3040 480 3095 est
505 3040 634 3116 postero
661 3033 715 3097 dia
742 3054 816 3098 cum
841 3032 970 3097 Petreio
1005 3029 1106 3113 fugae

105 3114 220 3177 comite
247 3135 408 3199 superque
434 3136 563 3180 mensas
592 3126 624 3181 et
645 3116 762 3202 poeula
789 3114 1049 3182 interficiendum
1070 3132 1106 3175 se

114 3198 137 3261 ei
157 3197 315 3282 praebuit.
360 3197 416 3263 illc
436 3208 469 3261 et
486 3201 557 3284 regi
579 3201 705 3264 suffecit
724 3209 757 3264 at
777 3201 855 3283 sibi,
879 3220 952 3264 cum
975 3196 1133 3261 interimo

106 3282 223 3345 semesi
244 3283 278 3345 in
299 3282 405 3347 medio
428 3281 494 3345 cibi
516 3293 548 3347 et
567 3283 743 3369 parentalia
760 3285 885 3349 Porcula
900 3283 991 3367 regio
1009 3277 1108 3343 aimul

70 3407 88 3432 -ι
114 3364 315 3454 Romanoque
344 3367 502 3451 sanguine
526 3367 630 3431 madr·
781 3375 842 3416 50-*n
867 3389 933 3432 non
959 3362 1109 3429 interfuit

102 3445 177 3504 boii.
256 3453 356 3504 “testie
397 3458 473 3504 aaut
495 3449 667 3520 Reque.t·‚„..
736 3483 814 3500 ...a
852 3451 978 3500 'niam
1005 3445 1110 3512 veluti
