2266 3832
274 201 482 265 ursroumu
503 206 694 273 ROMANAE
716 208 759 282 u,
785 216 843 269 aa
1007 208 1047 270 91

62 351 172 417 omnia
186 354 300 415 veteris
315 354 506 432 imperatoris
522 358 678 418 maturitas
694 359 788 418 multa
804 358 978 432 inhibentis
994 360 1048 418 ali-

61 453 131 513 qua
152 452 223 497 curu
242 439 390 512 gravitate
410 440 600 515 pollicentis,
620 441 699 501 inter
720 458 860 501 severam
881 443 1047 517 praecipue

65 520 230 583 noxicrum
252 522 398 584 ultionem
419 532 450 586 et
470 524 550 585 mitis
571 524 700 584 aliorum
721 524 937 599 castigationes
960 526 1047 586 brevi

64 603 161 680 sopiit
173 620 210 665 ae
224 606 356 668 sustulit.
378 606 443 681 Quo
457 608 581 683 quidem
594 615 732 683 tempore
747 616 779 667 ut
789 610 938 682 pleraque
949 626 1047 682 pnaoe
1062 614 1080 667 4

64 686 283 762 Germanicus,
298 689 339 750 ita
353 691 488 764 Drusus,
506 693 558 767 qui
573 709 591 751 a
607 701 692 766 patre
706 692 736 750 in
752 691 783 751 id
798 693 899 766 ipsum
915 691 1046 767 plurimo

66 770 192 847 quidem
206 772 276 847 igne
292 773 427 833 emicans
439 774 614 835 incendium
626 774 762 835 militaris
776 777 920 836 tumultus
932 775 1046 836 missus

61 863 146 929 crat,
172 855 275 930 prisca
291 857 478 933 antiquaque
496 859 659 920 severitate
677 876 769 930 usus,
792 863 889 920 minos
902 858 1047 934 ancipitia

66 938 126 1000 sibi
145 938 257 1000 timens
279 958 371 1015 quam
387 944 529 1016 exemplo
550 943 725 1017 perniciosa
741 943 793 1021 [et]
814 942 863 1003 his
878 942 955 1018 ipsis
970 943 1046 1002 mili-

65 1030 129 1083 tum
149 1022 275 1098 gladiis,
298 1024 410 1099 quibus
428 1026 579 1086 obsessus
600 1036 681 1099 erat,
708 1025 878 1086 obsidentis
900 1026 1044 1097 coercuit,

64 1106 213 1181 singulari
227 1106 367 1168 adiutore
388 1108 419 1168 in
434 1124 472 1168 eo
487 1109 610 1184 negotio
628 1126 705 1169 usus
720 1109 807 1169 lunio
823 1110 951 1182 Blaeso,
980 1109 1045 1170 viro

64 1190 189 1250 nescias
207 1189 328 1251 utiliore
349 1191 380 1251 in
402 1191 526 1264 castris,
548 1210 587 1252 an
602 1192 728 1253 meliore
743 1193 773 1251 in
791 1202 878 1267 toga,
905 1193 957 1268 qui
975 1201 1047 1267 post

63 1288 184 1349 paucos
200 1290 299 1335 annos
314 1278 482 1350 proconsul
496 1276 526 1334 in
542 1276 647 1336 Airica
661 1285 840 1336 ornamenta
854 1275 1046 1350 triumphalia

63 1372 134 1417 cum
148 1358 356 1432 appellatione
371 1358 566 1435 imperatoria
580 1361 698 1420 meruit.
726 1363 766 1420 At
779 1359 942 1433 Hispanias
958 1376 1045 1419 exer·
1059 1365 1075 1415 ὁ

63 1438 221 1516 citumque
234 1441 394 1502 virtutibus
406 1443 666 1519 celeberrimaque
678 1443 708 1502 in
716 1443 838 1520 Illyrico
850 1441 954 1502 militia
967 1444 1044 1519 [illu-

57 1526 134 1585 stris
146 1524 339 1599 Messalmos,
357 1528 400 1603 ot]
419 1527 643 1602 praediximus,
663 1542 732 1586 cum
747 1526 875 1602 imperio
891 1526 1043 1597 obtinens,

63 1608 94 1667 in
112 1622 231 1667 summa
250 1609 352 1687 [pace]
376 1609 478 1685 quiete
500 1610 662 1683 continuit,
687 1611 800 1671 cumei
822 1610 920 1685 pietas
937 1609 1045 1670 rectis-

61 1692 142 1751 sima
158 1691 310 1752 sentiendi
326 1701 357 1753 et
377 1693 544 1754 auctoritas
560 1710 639 1769 quae
656 1694 807 1754 sentiebat
822 1693 978 1754 obtinendi
994 1711 1044 1754 su·
1065 1766 1068 1771 ¹

64 1782 215 1851 peresset.
252 1775 343 1837 Cuius
361 1793 464 1837 curam
486 1794 522 1837 ac
544 1779 636 1837 fidem
653 1778 811 1838 Dolabella
833 1794 973 1851 quoque,
998 1778 1045 1835 vir

60 1856 267 1933 simplicitatis
288 1860 561 1935 generosissimae,
592 1861 623 1921 in
651 1862 799 1921 maritima
826 1869 911 1934 parte
932 1861 1044 1937 lllyrici

63 1958 121 2017 per
136 1942 238 2003 omnia
252 1943 384 2004 imitatus
402 1953 457 2004 est.

149 2024 277 2085 CXXVI.
305 2028 419 2087 Homm
439 2026 574 2087 sedecim
596 2044 745 2087 annorum
765 2042 861 2100 opera
882 2025 951 2100 quis
972 2028 1074 2085 uni-1

60 2112 275 2169 amalperto
297 2111 394 2171 oeulis
410 2111 582 2186 animisque
605 2111 737 2171 omnium
755 2109 808 2188 [in]
826 2110 962 2183 partibus
980 2111 1043 2168 elo-

64 2198 198 2267 quatur?
215 2193 353 2254 Sacravit
366 2204 523 2269 parentem
535 2211 625 2254 suum
638 2195 750 2253 Caesar
762 2209 822 2252 non
836 2192 971 2267 imperio,
987 2193 1044 2251 sed

60 2274 227 2350 religione,
243 2294 304 2338 non
320 2278 487 2354 appellavit
501 2295 586 2351 eum,
603 2279 659 2338 sed
675 2277 746 2338 lecit
760 2278 860 2336 deum.
887 2277 1075 2335 Revocataa

64 2358 94 2417 in
109 2358 210 2419 lorum
223 2360 318 2434 fideS,
343 2370 526 2422 summotae
548 2362 615 2421 loro
632 2360 758 2432 seditio,
783 2359 906 2419 ambitio
923 2375 1041 2433 eampo,

61 2440 220 2503 discordia
232 2445 324 2518 curia,
336 2448 539 2521 sepultaeque
550 2461 586 2505 ac
599 2445 659 2506 situ
671 2444 789 2504 obsitae
803 2442 925 2513 iustitia,
938 2442 1042 2517 aequi-

63 2534 123 2596 tas,
139 2524 288 2587 industria
300 2527 413 2589 civitati
428 2529 582 2599 redditae;
601 2528 734 2589 accessit
749 2526 975 2602 magistratibus
990 2542 1043 2585 au-

63 2607 204 2682 ctoritaS,
228 2610 348 2672 senatui
368 2612 530 2684 maiestaS,
556 2612 676 2672 iudiciis
691 2613 840 2687 gravitas;
864 2625 1044 2685 compressa

61 2692 219 2753 manualis
235 2694 360 2767 seditio,
379 2705 462 2755 recte
477 2696 609 2754 faciendi
626 2695 768 2754 onmibus
783 2703 836 2755 aut
849 2694 975 2754 incussa
988 2710 1043 2753 vo-

61 2776 164 2837 luntas
180 2784 232 2836 aut
253 2779 395 2853 imposita
410 2778 595 2848 necessitas;
619 2778 807 2838 honorantur
828 2786 926 2850 recta,
948 2793 1045 2851 prava

62 2860 245 2933 puniuntur,
267 2862 397 2936 suspicit
418 2870 573 2937 potentem
594 2860 730 2930 humilis,
754 2877 815 2919 non
837 2861 935 2929 timet3
960 2868 1043 2919 ante-

62 2942 153 3015 cedit,
169 2959 231 3003 non
247 2946 413 3006 contemnit
427 2945 618 3005 humiliorem
634 2953 755 3018 potens.
778 2943 906 3017 Quando
922 2946 1074 3002 annonas

62 3026 264 3101 moderatior,
287 3032 409 3104 quando
432 3046 495 3104 pax
515 3028 644 3088 laetiora
663 3026 782 3087 Diffusa
805 3028 834 3085 in
851 3024 975 3085 orientis
992 3041 1042 3085 oc-

63 3108 257 3186 cidentisque
269 3120 383 3172 tractus
392 3121 422 3173 et
435 3112 583 3188 quicquid
593 3111 760 3170 meridiano
773 3117 825 3170 aut
836 3107 1044 3184 septentrione

61 3192 167 3255 finitur
182 3210 243 3269 pax
257 3204 388 3270 augusta
404 3202 481 3271 [per]
501 3196 599 3255 omnis
614 3205 762 3254 terrarum
780 3193 864 3253 orbis
880 3194 1010 3267 angulos
1025 3209 1044 3250 a

62 3275 290 3338 latrociniorum
306 3287 388 3339 metu
404 3287 507 3339 servat
528 3278 686 3348 immunis;
709 3277 831 3337 fortuita
854 3294 914 3336 nou
932 3275 1043 3334 civium

62 3362 288 3427 tantummodo.
314 3364 371 3422 sed
393 3364 511 3423 urbium
532 3363 643 3422 damna
665 3360 812 3438 principis
838 3357 1042 3419 munificentia

61 3442 208 3505 vindicat.
236 3443 405 3506 Restitutae
413 3447 505 3506 urbes
513 3445 618 3519 Asiae,
630 3440 972 3504 vindicataeabiniuriis
980 3456 1075 3503 nra-a
