2266 3832
429 223 573 279 bruun
605 223 624 278 l.
974 216 994 277 5

78 387 248 463 aedificavit,
266 386 349 445 ludos
360 385 505 445 Romanos
520 386 656 460 instituit,
675 385 723 462 qui
740 382 775 441 ad
789 391 916 442 nostram
934 402 979 443 me

78 473 192 530 moriam
204 479 377 547 permanent.
410 469 486 528 Vicit
503 469 578 528 idem
590 469 673 527 etiam
687 467 807 525 Sabinos
827 475 855 526 et
875 483 931 526 non
944 484 991 544 pa·
1007 491 1009 494 ⁴

77 574 138 614 rum
150 569 292 632 agrorum,
306 553 445 612 sublatum
456 552 566 627 iisdem,
580 553 657 610 urbis
669 550 776 610 Romae
788 551 930 610 territorio
943 551 989 610 ad·

78 641 176 713 iunxit,
190 641 354 716 primusque
367 638 539 713 triumphans
552 636 650 694 urbem
662 635 783 693 intravit.
813 633 909 693 biuros
921 635 990 693 iecit

79 732 108 782 et
123 722 247 798 cloacas,
261 720 431 798 Capitolium
442 720 592 779 inchoarit.
614 717 773 796 'Pnigesimo
787 727 888 779 octavo
901 720 988 795 impe·

78 808 112 866 rii
130 822 202 866 anno
220 824 272 884 per
286 804 358 865 Anci
370 804 445 864 lilios
457 807 571 863 occisus
583 812 644 877 est,
668 804 746 879 regis
766 803 839 877 eius,
862 804 908 860 oui
925 805 988 879 ipse

78 899 268 950 successerat.

143 1006 226 1066 Gar.
240 1003 303 1066 v11.
320 1005 400 1087 (VI.)
423 1005 491 1065 Post
508 1005 582 1064 hunc
599 1002 715 1061 Servius
734 1001 843 1061 Tullius
860 1005 987 1080 suscepit
997 1004 1053 1049 no.

80 1091 236 1168 imperium,
250 1094 362 1167 genitus
377 1109 413 1150 ex
424 1088 513 1149 nobili
526 1087 641 1161 femina,
661 1089 772 1163 captiva
783 1095 875 1146 tamen
892 1096 920 1146 et
940 1106 986 1146 ao·
1001 1074 1048 1119 ¹⁷⁸·

80 1174 154 1234 oilla.
180 1172 234 1232 Hic
247 1192 362 1253 quoque
378 1176 499 1234 Sabinos
512 1172 635 1246 subegit,
654 1179 764 1228 montes
776 1179 844 1244 tres,
858 1169 986 1242 Quirina·

78 1258 152 1340 lem,
165 1256 341 1335 viminalem,
357 1258 545 1336 Esquilinum,
566 1254 628 1312 urbi
640 1253 779 1328 adiunxit,
800 1253 895 1313 iossas
914 1255 990 1313 circa

79 1359 187 1400 murum
205 1339 291 1399 duxit.
315 1340 422 1400 Primus
435 1342 557 1400 omnium
576 1356 690 1398 censum
709 1337 863 1412 ordinavit,
884 1339 930 1414 qui
942 1337 990 1396 ad·

80 1426 136 1483 buc
152 1440 205 1500 per
222 1424 318 1483 orbem
338 1415 474 1484 terrarum
491 1424 651 1500 incognitus
668 1430 738 1480 erat.
770 1421 827 1479 Sub
848 1437 884 1479 eo
902 1420 991 1481 Roma

38 1515 42 1526 '
82 1508 209 1573 omnibus
222 1509 249 1567 in
263 1526 378 1568 censum
391 1509 491 1568 delatis
503 1507 599 1566 babuit
610 1507 732 1582 capitum
744 1524 850 1564 nxrxm
862 1505 937 1564 milia
952 1506 990 1563 ci·

80 1595 155 1651 vium
166 1591 355 1652 Romanorum
368 1611 430 1653 oum
441 1593 491 1668 iis,
511 1593 558 1669 qui
570 1593 598 1649 in
609 1591 685 1667 agris
697 1598 783 1648 erant.
813 1587 933 1647 Occisus
948 1597 991 1647 est

80 1696 145 1735 xcv.
159 1677 269 1753 imperii
281 1695 354 1736 anno
367 1676 479 1737 scelere
488 1677 587 1753 generi
600 1671 804 1750 suiTarquinii,
814 1672 862 1731 lilii
875 1674 935 1731 eius
947 1691 990 1731 re·

81 1762 137 1837 gis,
154 1761 199 1817 cui
214 1762 276 1837 ipse
292 1768 483 1835 successerat,
497 1767 524 1818 et
538 1758 623 1832 liliae,
635 1774 717 1835 quam
725 1755 891 1835 Tarquinius
904 1756 990 1816 habe·

82 1843 130 1902 bat
142 1860 267 1902 uxorem.

146 1972 319 2036 (lanvlll.
339 1968 432 2050 (Vll.)
462 1974 565 2033 Lucius
578 1973 744 2050 Tarquinius
759 1972 923 2050 Superbus,
944 1992 988 2031 se·

82 2062 184 2136 ptimus
197 2068 282 2136 atque
293 2055 403 2115 ultimus
415 2073 524 2134 regum,
540 2056 675 2131 Volscos,
690 2075 762 2133 quae
775 2076 846 2133 gens
858 2056 893 2115 ad
908 2055 987 2116 Carn-
1004 2079 1053 2123 nn,

83 2144 193 2218 puniam
205 2141 334 2199 erratibus
352 2152 408 2195 nou
419 2140 506 2217 longe
521 2141 555 2198 ab
573 2139 642 2197 urbe
655 2149 714 2213 est,
732 2141 810 2215 vicit,
827 2140 932 2199 Gabios
949 2141 987 2199 ci·
1004 2146 1050 2191 tlt·

83 2227 196 2284 vitatem
208 2233 236 2283 et
248 2224 380 2282 Suessam
396 2219 548 2282 Pometiam
560 2223 684 2299 subegit,
705 2241 768 2280 cum
779 2222 879 2282 Tuscis
893 2242 991 2301 pacem

81 2310 161 2383 lecit,
173 2318 201 2368 et
217 2307 352 2384 templum
363 2303 424 2366 lori
437 2309 464 2366 in
478 2305 620 2384 Capitolio
631 2305 798 2365 aedilicavit.
827 2306 929 2368 Postea
939 2309 991 2367 Ar·

81 2395 162 2453 deam
174 2409 353 2470 oppugnans,
371 2391 399 2449 in
411 2401 513 2450 octavo
527 2391 637 2450 decimo
651 2391 769 2450 miliario
788 2392 822 2450 ab
836 2392 904 2451 urbe
915 2393 992 2470 posi·

80 2486 136 2538 tam
148 2479 299 2545 civitatem,
313 2477 461 2551 imperium
474 2475 605 2552 perdidit.
630 2474 700 2534 Nam
713 2493 775 2533 curn
787 2475 859 2534 lilius
872 2478 944 2551 eius,
965 2483 993 2534 ct

81 2563 145 2638 ipse
156 2559 333 2638 Tarquinius,
344 2560 446 2634 iunior,
465 2558 667 2619 nobilissimam
679 2559 810 2619 feminam
823 2559 990 2632 lucretiam,

81 2643 256 2721 eandemque
271 2642 491 2720 pudicissimam,
515 2641 645 2702 Collatini
663 2659 798 2718 uxorem,
823 2653 990 2723 stuprasset,

81 2745 173 2804 eaque
188 2726 223 2785 de
243 2728 343 2786 iniuria
355 2729 453 2785 marito
471 2736 499 2785 et
518 2727 589 2804 patri
607 2735 636 2786 et
651 2729 748 2786 amicis
766 2737 867 2806 questa
879 2728 990 2803 luisset,

82 2812 110 2868 in
128 2812 249 2869 omnium
266 2819 423 2888 conspectu
441 2830 473 2869 se
485 2810 599 2869 oooidit.
635 2810 752 2888 Propter
764 2830 847 2890 quam
863 2830 991 2872 caussam

83 2891 195 2967 Brutus,
218 2911 319 2971 parens
337 2904 365 2953 et
380 2896 443 2971 ipse
455 2894 613 2973 Tarquinii,
639 2894 774 2972 populum
794 2899 946 2956 concitavit
964 2905 992 2956 et

81 2974 235 3053 Tarquinio
251 2976 353 3036 ademit
366 2980 521 3056 imperium.
549 2977 617 3036 uox
629 2980 770 3038 exercitus
782 2996 898 3059 quoque
916 2999 989 3057 eum,

81 3061 129 3138 qui
143 3061 284 3118 civitatem
295 3059 416 3120 Ardeam
427 3079 489 3120 curn
502 3065 564 3139 ipso
577 3082 647 3139 rege
658 3065 849 3141 oppugnabat,
863 3065 989 3143 reliquii;

80 3145 256 3222 veniensque
275 3142 310 3202 ad
333 3145 429 3204 urbem
454 3164 504 3204 rex
528 3148 618 3223 portis
641 3147 745 3206 clausis
773 3149 906 3208 exclusus
934 3158 988 3224 est,

82 3245 202 3304 cumque
221 3229 389 3304 imperasset
405 3246 492 3288 annos
511 3232 763 3310 vigintiquinque,
784 3250 847 3292 oum
863 3249 951 3294 uxore
964 3243 992 3293 et

81 3311 178 3370 liberis
194 3313 253 3370 suis
268 3311 350 3388 lugit.
373 3310 413 3372 lta
425 3312 532 3372 Romae
544 3323 687 3392 regnatum
706 3324 750 3375 est
763 3334 814 3393 per
825 3326 936 3394 septem
948 3334 992 3377 re·

82 3414 134 3470 ges
146 3397 224 3454 armis
237 3396 365 3455 ducentis
379 3396 561 3473 quadraginta
581 3399 687 3475 tribus,
708 3417 770 3458 cum
789 3399 879 3459 adbuc
892 3399 990 3467 Roma.
