2266 3832
196 88 201 127 ι

175 190 218 254 50
528 194 746 252 EUTROPll
782 186 785 192 ’

122 371 148 412 1²·
176 360 442 422 matreiuterieotis.
475 357 580 417 Urbem
596 358 716 418 Romam
734 355 869 432 incendit,
891 364 921 416 ut
937 359 1109 436 spectaculi

108 441 164 482 Μ·
176 448 237 505 clus
261 446 411 522 imaginem
430 450 576 517 cerneret,
602 441 678 520 quali
696 440 763 500 olim
776 439 861 499 Troia
876 449 1106 518 capta‘arserat.

116 509 148 550 ⁶⁴·
176 527 209 588 lu
220 547 253 588 re
263 528 374 587 militari
388 524 457 586 nihil
472 528 584 584 omniuo
597 544 682 586 ausus
696 524 864 584 Britanniam
884 521 979 602 paene
997 528 1106 588 amisit.

176 611 246 672 Nam
267 611 323 671 duo
344 611 396 671 sub
418 611 474 669 hoc
500 609 676 669 nobilissima
698 607 804 687 oppida
827 617 910 685 capta
930 607 994 668 illic
1015 619 1106 690 atquc

178 713 279 774 eversa
302 703 375 756 sunt.
415 693 575 753 Armeniam
596 693 689 752 Parthi
711 691 883 752 sustulerunt
903 691 1106 774 legionesque

176 779 317 839 Romanas
328 779 380 838 sub
395 779 491 856 iugum
503 780 647 837 miseruut.
667 777 749 836 Duas
757 784 850 836 tamen
862 777 1037 854 prouinciae
1049 780 1104 839 sub

177 853 216 922 eo'
227 863 320 923 iactae
331 871 405 938 sunt,
417 861 522 921 Pontus
534 860 750 921 Polemoniacus
763 860 941 920 concedente
952 879 1031 940 rege
1045 861 1102 923 Ρο-

176 945 301 1023 lamone,
316 956 345 1006 et
355 945 445 1023 Alpes
457 944 569 1005 Oottiae
585 944 680 1005 Cottio
696 963 767 1023 rege
782 944 927 1004 defuncto.

240 1031 327 1091 Onu.
349 1030 412 1090 XV.
440 1028 495 1088 Per
514 1030 586 1089 haec
601 1029 731 1090 Romano
748 1029 811 1088 orbi
833 1028 1041 1108 exsecrabilis,
1067 1032 1103 1092 ab

177 1116 305 1174 omnibus
318 1113 399 1173 simul
411 1113 560 1173 destitutus
576 1122 604 1173 et
619 1121 745 1172 asenatu
755 1112 847 1172 hostis
863 1112 1017 1192 iudicatus,
1037 1133 1104 1176 cum

177 1206 361 1278 quaereretur
372 1197 406 1257 ad
421 1214 559 1275 poenam,
583 1215 656 1276 quae
670 1213 764 1274 poena
781 1205 841 1256 erat
851 1196 931 1273 talis,
954 1204 987 1256 ut
1004 1199 1104 1260 nudus

176 1301 229 1360 per
240 1282 384 1361 publicum
399 1281 499 1341 ductus
510 1281 591 1342 furca
607 1283 691 1360 capiti
705 1283 766 1339 eius
779 1282 884 1341 inserta
894 1282 987 1358 virgis
1002 1301 1104 1362 usque

176 1366 212 1427 ad
222 1376 343 1427 mortem
358 1366 526 1426 caederetur
544 1374 628 1444 atque
650 1367 688 1425 ita
706 1366 938 1443 praecipitaretur
954 1364 993 1424 de
1012 1380 1101 1444 saxo,

177 1470 193 1510 e
205 1451 310 1529 palatio
322 1451 395 1528 lugit
407 1459 435 1509 et
445 1452 473 1508 iu
485 1448 645 1508 suburbano
657 1467 690 1508 se
701 1448 796 1508 liberti
807 1450 863 1525 sui,
877 1448 954 1528 quod
965 1459 1012 1510 cst
1023 1453 1104 1512 iuter

177 1534 311 1594 Salariam
323 1542 352 1592 et
362 1532 566 1592 Nomentanam
575 1534 649 1590 viam
661 1531 695 1591 ad
707 1540 836 1611 quartum
847 1533 924 1592 urbis
933 1532 1100 1612 miliarium,

177 1617 328 1676 interiecit.
351 1614 634 1675 hedificavitliomae
648 1615 781 1693 thermas,
795 1635 868 1694 quae
879 1624 943 1676 ante
952 1615 1100 1679 Neronia·

126 1729 151 1768 p,
175 1719 229 1760 nae
243 1699 335 1759 dictas
348 1698 633 1759 nunchlexandrinae
644 1698 831 1777 appellantur.
855 1699 932 1760 Obiit
943 1703 1098 1778 trigesime

109 1796 163 1837 cm·
178 1793 206 1843 et
216 1783 306 1843 altero
322 1783 421 1842 aetatis
433 1796 522 1858 anno,
541 1783 651 1860 imperii
663 1791 762 1861 quarto
775 1783 897 1861 decimo,
914 1792 1002 1863 atque
1013 1787 1044 1846 iu
1060 1804 1099 1847 eo

124 1865 157 1905 ⁶⁸·
176 1869 267 1927 omnis
280 1866 383 1927 familia
398 1866 519 1944 Augusti
534 1876 700 1945 consumpta
711 1877 764 1926 est.

242 1951 326 2011 Onu.
341 1948 417 2009 XVI.
434 1950 501 2031 (Χ.)
531 1950 604 2010 Huic
616 1952 732 2010 Servius
750 1948 838 2010 Galba
852 1952 1006 2028 successit,
1025 1955 1099 2013 anti·

178 2036 330 2115 quissimae
341 2034 495 2094 nobilitatis
512 2044 642 2112 senator,
667 2054 730 2095 cum
742 2037 982 2113 septuagesimum
997 2045 1028 2096 et
1038 2045 1100 2097 ter-

177 2122 244 2180 tium
255 2138 355 2181 aunum
367 2127 466 2198 ageret
476 2122 588 2197 aetatis,
604 2121 638 2180 ab
650 2119 783 2198 Hispanis
795 2127 824 2178 et
836 2116 923 2179 Gallis
939 2121 1100 2198 imperator

178 2205 298 2283 electus,
311 2223 378 2265 mox
389 2205 424 2264 ab
440 2207 572 2265 universo
586 2206 712 2265 exercitu
721 2203 843 2262 libenter
850 2212 997 2281 acceptus.
1022 2203 1098 2264 llam

177 2291 286 2366 privata
302 2290 364 2348 eius
375 2290 432 2348 vita
444 2290 562 2366 insignis
578 2288 670 2347 iuerat
683 2286 849 2346 militaribus
861 2296 890 2347 et
904 2287 1038 2348 civilibus
1049 2307 1099 2348 re·

178 2373 239 2431 bus.
263 2372 359 2449 Saepe
373 2370 483 2446 consul,
500 2387 588 2447 saepe
603 2387 654 2448 pro
670 2369 799 2446 consule,
816 2371 981 2450 frequenter
995 2371 1055 2434 dux
1066 2374 1098 2432 in

176 2455 351 2531 gravissimis
373 2453 467 2513 bellis.
501 2454 589 2513 Huius
608 2453 696 2512 breve
713 2454 862 2531 imperium
879 2455 946 2532 luit,
967 2464 996 2515 et
1015 2456 1097 2534 quod

176 2539 250 2598 bona
265 2536 382 2596 haberet
396 2536 527 2612 exordia,
551 2538 605 2596 nisi
621 2535 655 2595 ad
672 2540 852 2598 severitatem
867 2541 1040 2617 propensior
1052 2543 1097 2600 vi-

125 2637 153 2680 r.
176 2622 297 2681 deretur.
326 2619 438 2680 insidiis
450 2629 543 2680 tamen
555 2619 675 2680 Othonis
689 2624 802 2681 occisus
815 2632 858 2682 est
871 2625 982 2700 imperii
993 2643 1097 2685 mense

109 2705 164 2748 Μ·
178 2706 308 2784 septimo.
345 2702 491 2782 lugulatus
507 2707 535 2764 in
552 2705 615 2764 loro
627 2704 735 2765 Romae
757 2706 943 2786 sepultusque
959 2707 987 2767 in
1000 2707 1096 2768 hortis

125 2774 158 2816 ⁰⁹·
178 2791 248 2866 suis,
272 2790 319 2867 qui
332 2797 395 2848 sunt
405 2787 521 2848 Aurelia
538 2791 583 2849 via
599 2807 656 2849 non
673 2789 760 2867 longe
771 2790 806 2849 ab
823 2792 894 2851 urbe
905 2791 1004 2850 Roma.

240 2873 326 2933 One.
344 2871 434 2932 XVIl.
452 2870 533 2952 (XI.)
570 2872 644 2932 Otho
667 2878 765 2933 occiso
781 2871 867 2934 Galba
885 2874 987 2934 invasit
1001 2877 1094 2954 impe·

176 2959 256 3034 rium,
276 2966 400 3016 materno
413 2974 521 3035 genere
535 2957 669 3033 nobilior,
694 2976 776 3035 quam
791 2967 921 3036 paterno,
937 2968 1039 3018 neutro
1052 2969 1093 3021 ta·

177 3060 241 3101 men
256 3042 389 3101 obscuro.
422 3039 454 3099 ln
467 3041 573 3118 privata
583 3043 640 3102 vita
651 3042 744 3101 mollis
758 3051 787 3102 et
797 3042 919 3102 Neronis
932 3043 1093 3122 familiaris,

177 3128 205 3185 in
222 3128 340 3203 imperio
361 3125 559 3184 documentum
576 3128 619 3184 sui
639 3143 695 3184 non
715 3128 806 3204 potuit
826 3126 988 3186 ostendere.
1019 3127 1093 3188 Nam

178 3227 241 3268 oum
255 3209 356 3269 iisdem
370 3210 562 3288 temporibus,
589 3211 691 3287 quibus
710 3209 783 3269 Otho
802 3208 917 3271 Galbam
933 3211 1091 3290 occiderat,

180 3295 262 3354 etiam
280 3293 411 3353 Vitellius
432 3294 523 3354 lactus
542 3302 620 3354 esset
645 3291 893 3355 aGermanicianis
916 3296 1093 3357 exercitibus

178 3379 341 3457 imperator,
359 3378 436 3438 bello
450 3388 545 3439 contra
561 3397 624 3438 eum
640 3388 791 3457 suscepto,
816 3397 879 3437 cum
893 3378 967 3456 apud
981 3378 1093 3440 betria-
