2266 3832
117 224 224 271 ursus
241 224 470 273 uuuomnms.
492 208 605 273 VIIII.
618 208 661 272 X.
675 209 736 272 XI.
749 209 819 273 XII
840 211 937 276 XIII.
987 218 1020 279 II

47 377 150 441 stium
172 375 372 441 conditorem
394 376 415 452 †
437 375 501 439 loci
522 377 573 439 sui
598 377 753 441 Hellenos
775 377 903 462 dicunt,
931 402 1023 465 quar·

47 482 69 524 a
92 459 206 525 Oronii
232 457 317 523 filius
345 467 378 522 et
398 458 587 542 Cartheres,
619 482 714 546 quem
738 460 1024 546 Carthaginienses

47 543 142 625 alunt,
158 543 245 607 unde
265 542 430 628 carthago
449 542 538 607 dicta
556 553 621 626 est;
642 545 773 642 quintus
791 544 910 610 Libani
928 545 1024 629 filius,

47 629 71 690 ri
102 649 176 691 cum
207 648 286 711 rege
314 625 486 690 Medorum
534 638 690 711 ugnav1t5
727 637 838 692 sextus
866 630 955 695 Iovis
983 646 1026 695 ex

47 709 211 792 lcumena,
239 711 296 797 qui
317 709 490 787 †Atlanta
509 649 631 775 docuit.

325 842 369 909 X.
412 843 476 908 DE
498 843 710 911 IMPERIIS.

98 960 240 1047 Imperia
249 960 294 1025 ab
315 962 447 1026 ineunte
470 963 544 1026 aevi
565 964 720 1025 memoria
740 962 872 1026 fuerunt
890 972 1023 1048 septem.

47 1045 118 1109 rimi
137 1066 245 1108 rerum
323 1046 361 1109 iti
385 1054 461 1108 sunt
476 1046 542 1108 Ass
584 1047 622 1127 ii,
645 1046 764 1110 deindo
780 1045 889 1130 Medi,
912 1057 1025 1132 postea

47 1149 136 1192 orsae
142 1177 151 1210 ,
168 1137 239 1193 tum
281 1128 517 1210 aoedaemonii,
535 1068 611 1192 deln
622 1129 858 1213 Athenienses,
877 1140 951 1216 post
965 1131 1023 1196 hos

47 1211 94 1276 de
115 1212 328 1278 Macedones:
357 1213 406 1276 sic
428 1212 546 1277 deinde
566 1213 714 1278 Romani.

236 1343 298 1407 XI.
338 1343 486 1410 Ruous
507 1343 805 1411 ASSYRIORVM.

99 1458 200 1533 Belus
221 1481 298 1541 rex,
320 1459 534 1543 IovisfiliuS,
563 1463 654 1525 cuius
676 1464 798 1548 posteri
819 1483 879 1547 per
899 1461 1046 1532 Ninuml

47 1543 116 1608 siae
139 1553 379 1629 regnaverunt,
411 1565 470 1630 per
490 1546 677 1643 Aegyptum
703 1545 845 1631 Libyae,
879 1567 937 1631 per
957 1545 1023 1610 Da·

47 1648 116 1692 sum
132 1627 295 1713 Europae.
339 1627 443 1691 Ninus
458 1651 533 1710 rex,
550 1651 604 1728 qur
622 1631 746 1714 primus
761 1631 907 1693 exercitu
921 1646 1048 1715 propct

47 1721 119 1776 »tam
148 1712 262 1775 Asiam
297 1710 357 1775 sub
389 1733 424 1774 se
454 1712 581 1796 redegit
613 1723 645 1776 et
672 1714 883 1777 clarissimam
909 1712 1023 1777 urbem

47 1795 154 1860 >minis
196 1796 246 1858 sui
280 1795 425 1858 condidit
456 1795 575 1859 Ninon.
631 1795 833 1877 Semiramis,
871 1796 1049 1861 Dercetis3

47 1877 178 1964 imphac
202 1877 285 1960 filia,
315 1900 335 1941 a
356 1878 513 1942 columbis
547 1879 677 1962 educta,
706 1901 790 1945 uxor
818 1879 896 1942 Nini
925 1901 960 1943 re
986 1880 1022 1958 is,

47 1964 108 2027 iius
129 1970 203 2046 post
224 1971 359 2026 mortem
381 1984 518 2045 regnum
539 1961 618 2026 Nini
639 1963 808 2047 ampliavit
829 1965 943 2043 armis3
962 1901 1022 2025 lln·

47 2066 104 2110 am
133 2066 260 2130 quoque
286 2067 401 2131 parum
427 2068 583 2130 prospera
611 2046 818 2130 expeditione
840 2047 1021 2130 temptavit.

47 2150 108 2205 aec
141 2127 255 2192 urbem
307 2128 535 2192 ulcherrimam
568 2131 723 2209 omnium,
756 2149 838 2213 quac
870 2149 1029 2213 umquam,

47 2222 162 2294 erunt,
187 2152 359 2298 Babylbna
380 2214 546 2276 constituit
565 2234 662 2298 supra
685 2211 805 2275 flumen
819 2210 1020 2295 Euphraten.

47 2295 284 2381 andanapallus,
319 2298 375 2381 qui
405 2297 446 2360 ob
478 2298 594 2359 nimias
628 2296 761 2360 delicias
796 2304 828 2359 et
858 2294 1048 2363 luxuriamr

47 2380 142 2446 ndito
158 2400 275 2464 regno,
296 2402 337 2443 ne
358 2381 392 2443 in
412 2388 604 2464 potestatem
626 2379 767 2443 hostium
788 2378 928 2457 veniret,
950 2399 1022 2441 cum

47 2463 153 2539 soletis
170 2464 236 2527 suis
251 2485 414 2527 venenum
434 2461 518 2526 bibit
538 2474 569 2527 et
591 2465 660 2547 igni
681 2461 824 2526 subiecto
845 2483 917 2525 cum
932 2462 1023 2546 regia

47 2569 76 2612 ra
99 2547 323 2632 conflagravit.
690 2557 700 2571 ‘

256 2680 336 2743 XII.
374 2679 520 2744 REGES
541 2679 778 2743 MEDORVM.

98 2797 261 2878 ArbaceS,
322 2800 421 2861 rimus
449 2821 522 2878 rex,
558 2799 613 2882 qui
648 2820 779 2862 eversas
811 2798 1024 2882 Assyriorum

47 2903 94 2947 res
121 2882 253 2946 luxuria
305 2880 506 2967 ardanapalli
534 2882 699 2944 transtulit
728 2881 803 2920 *Η
825 2901 943 2965 cosque
976 2881 1023 2942 iu·
1089 2913 1093 2919 ·

47 2965 157 3029 issime
177 2967 273 3029 rexit.
317 2964 496 3050 Astyages,
521 2966 572 3027 vir
589 2965 683 3028 fortis
703 2974 735 3028 et
751 2966 866 3043 iustus,
911 2964 946 3025 ui
988 2983 1025 3026 er

47 3049 155 3113 sidias
175 3051 282 3112 victus
309 3071 328 3111 a
351 3048 438 3133 Cyro
461 3058 524 3128 est,
551 3058 583 3110 et
604 3048 796 3112 dissolutum
825 3057 874 3110 est
930 3067 948 3109 c
973 3046 1023 3109 iae

47 3153 163 3218 egnum.

220 3263 334 3328 ΙΧΠΙ.
367 3262 515 3329 REGES
536 3262 789 3327 PERSARVM.

98 3379 225 3468 Cyrus,
253 3404 313 3446 rex
338 3383 549 3463 fortissimus,
577 3382 633 3480 qui
656 3381 779 3447 maiore
829 3389 897 3442 aito
920 3378 1041 3442 Asiae·

47 3464 151 3532 ibacta
164 3465 329 3552 Europam
345 3487 472 3553 quoque
491 3467 681 3549 inrupisset,
703 3465 737 3526 ni
758 3484 779 3526 a
825 3463 929 3548 omyri
944 3460 1011 3544 Scy

47 3764 110 3799 k..
