2266 3832
222 236 329 285 arana
351 233 580 284 nnnoamnrs.
603 215 908 281 XXVH—XXX.
1022 221 1064 284 23

59 390 122 456 bus
142 390 230 453 inter
248 385 423 453 Caesarem
442 392 474 449 et
485 383 568 449 Pom
609 384 677 448 ium
696 391 728 447 et
747 404 904 469 oppressa
924 405 983 469 per
996 386 1064 448 vim

58 472 210 538 libertate
236 469 298 535 sub
322 470 419 534 unius
441 467 546 533 Caesa
576 488 591 531 s
615 475 809 553 potestatem
828 467 959 531 redacta
988 478 1064 534 sunt

59 557 178 620 omnia.
228 553 285 618 Ex
314 574 353 618 eo
380 559 537 638 perpetua
565 551 742 616 Caesarum
769 550 929 615 dictatura
963 551 1063 614 domi-

58 648 166 704 natur.

33 788 50 830 s
121 765 237 832 XXX
302 764 484 831 INITIVM
514 762 656 828 REGNI
688 760 999 826 llHTHRIDATIS.

144 879 252 965 Cyrus
273 898 335 943 rex
345 876 520 941 Persarum
539 876 662 961 primus
682 875 853 960 imperium
864 874 970 937 Medis
987 874 1086 944 ade-1

55 964 132 1027 mit:
152 961 234 1027 duos
255 961 340 1025 filios
364 961 496 1046 reliquit
519 959 705 1045 Cambysen
727 968 760 1022 et
783 956 950 1021 Smerden.
995 957 1062 1022 Ho-

56 1066 133 1110 rum
165 1043 344 1131 Cambyses
378 1043 531 1109 defuncto
564 1051 671 1128 patre,
709 1042 796 1127 quod
830 1042 946 1105 maior,
967 1051 1062 1123 esset,

58 1127 217 1194 Smerden
245 1128 282 1192 in
305 1127 386 1192 solio
414 1127 580 1191 sedentem
600 1148 639 1190 ca
660 1127 705 1189 ite
732 1125 856 1190 caelum
874 1124 1003 1210 pulsare
1030 1132 1063 1188 in

23 1219 169 1277 “somnis
193 1216 296 1277 videm
314 1209 527 1275 occidendum
550 1148 660 1297 [euml
675 1210 816 1272 curavit:
843 1209 914 1292 ipse
944 1209 1063 1272 deinde

54 1304 227 1360 revertens
258 1294 301 1359 ab
332 1294 508 1378 Aethiopia
538 1293 636 1357 rebus
668 1293 689 1371 t
719 1292 891 1378 perfractis
923 1313 996 1355 cum
1028 1293 1062 1355 in

54 1378 247 1464 Aegyptum
266 1383 421 1458 Memphin
441 1378 587 1466 venisset
606 1377 794 1462 incolasque
821 1376 889 1438 eius
912 1375 976 1438 loci
996 1375 1062 1439 lae·

53 1470 165 1526 tantas
191 1461 401 1543 advertisset,
427 1469 517 1524 ratus
545 1461 619 1524 illos
641 1460 789 1523 adversis
811 1459 877 1522 suis
904 1458 1089 1524 insultarea

53 1545 148 1631 Apin
168 1545 336 1609 infemine
353 1545 538 1608 vulneravit
559 1545 735 1629 eodemque
756 1545 823 1607 ictu
845 1542 972 1606 occidit.
1008 1541 1062 1605 In-

17 1646 46 1689 ts
55 1628 156 1693 terim
165 1649 281 1713 magus
298 1629 439 1714 quidam,
462 1626 624 1708 Smerdes,
644 1626 826 1690 Patizithae
846 1625 961 1707 frater,
984 1625 1062 1689 abu·

52 1720 130 1775 tens
159 1713 303 1793 nomine,
333 1733 376 1775 ex
404 1711 527 1775 formae
554 1732 631 1774 suae
659 1710 869 1774 similitudine
896 1709 999 1772 filium
1027 1731 1063 1773 se

56 1792 141 1880 Cyri
159 1794 327 1881 professus
340 1816 477 1879 regnum
490 1793 657 1857 Persicum
677 1795 852 1857 invaserat.
887 1791 983 1871 Quod
1004 1792 1062 1855 ubi

56 1876 218 1962 Cambysi
236 1879 419 1942 nuntiatum
439 1886 503 1958 est,
533 1877 662 1961 regredi
684 1878 718 1939 in
737 1878 875 1961 patriam
896 1885 1062 1939 maturans

55 1959 179 2026 oblitus
206 1972 256 2026 est
282 1960 444 2046 gladium,
473 1982 536 2046 quo
558 1962 647 2045 Apin
673 1960 895 2039 interfecerat,
922 1961 1063 2042 vaginae

15 2043 212 2110 ”redderet
245 2045 332 2131 quod
359 2066 432 2108 cum
459 2053 629 2108 conaretur
658 2043 803 2123 efficere,
834 2043 942 2106 lemen
969 2063 1063 2104 suurn

54 2127 244 2193 vulneravit
262 2137 295 2194 et
313 2137 530 2212 campartem,
573 2148 615 2190 ua
627 2128 658 2189 A
681 2128 715 2189 in
733 2126 972 2190 vulneraverat.
1007 2125 1063 2189 Ex

55 2211 174 2276 eodem
187 2213 323 2276 vulnere
337 2213 372 2274 in
388 2213 500 2296 paucis
517 2211 569 2274 die
592 2231 631 2273 us
651 2232 669 2273 o
694 2210 741 2273 iit.
785 2209 838 2272 De
852 2210 943 2272 cuius
958 2216 1090 2272 mortes

53 2302 228 2441 postquam
258 2296 377 2359 certior
409 2296 542 2358 nuntius
575 2294 618 2357 ad
647 2293 763 2357 Persas
795 2294 899 2374 venit,
940 2291 1062 2356 Otanes

84 2376 280 2464 haedymam
301 2377 403 2442 filiam
425 2400 530 2458 suam,
560 2399 699 2463 quacum
720 2375 870 2440 Smerdes
893 2383 1063 2439 consuetu·

17 2461 169 2526 asdinem
196 2461 352 2543 babebat,
382 2462 524 2542 edocuit,
553 2471 602 2541 ut,
631 2482 704 2524 cum
730 2460 786 2524 ille
813 2463 936 2544 sopitus
966 2466 1061 2539 esset,

54 2552 166 2608 utrum
187 2566 281 2610 aures
301 2553 402 2609 tectas
425 2546 525 2610 comis
546 2544 681 2608 haberet
701 2544 953 2629 periclitaretur,
983 2543 1063 2605 scie-

54 2626 114 2691 bat
135 2629 222 2691 enim
242 2651 263 2692 a
283 2628 370 2713 Cyro
393 2627 520 2693 Smerdi
541 2650 636 2712 mago
661 2628 755 2691 adem
776 2636 826 2690 tas
848 2649 954 2690 aurea.
999 2624 1063 2688 Illa

55 2709 177 2775 falsum
198 2733 270 2776 esse
292 2711 450 2777 Smerden
477 2712 689 2776 confirmavit.
763 2732 826 2774 unc
855 2720 979 2795 septem
1004 2721 1088 2773 κιο-4

54 2792 210 2859 bilissimi
221 2795 342 2861 Persae
363 2798 448 2860 inter
461 2817 495 2858 se
509 2797 777 2875 coniuraverunt3
800 2815 910 2858 eorum
929 2793 1061 2857 nomina

19 2876 140 2941 ”haec
160 2887 250 2943 sunt:
279 2880 417 2961 Otanes,
439 2879 472 2942 H
497 2880 628 2959 darnes,
651 2879 863 2964 Aspatbines,
893 2876 1061 2961 Intapher·

54 2982 133 3043 nes,
172 2961 389 3048 Megabyzus,
422 2901 578 3045 Gobries,
616 2961 748 3025 Darius.
802 2959 932 3024 Deinde
963 2979 1060 3042 mago

54 3042 192 3109 Smerde
219 3046 389 3112 interfecto
417 3048 666 3126 constituerunt,
698 3048 747 3108 uti
769 3053 904 3128 excepto
924 3041 1061 3128 posthac

54 3124 164 3193 Otane
185 3151 228 3193 ex
249 3129 348 3208 †illis
371 3139 532 3214 regnaret,
556 3132 646 3194 cuius
671 3151 771 3275 cippus
788 3129 910 3213 primus
933 3129 969 3190 in
987 3127 1060 3190 loco

55 3231 153 3309 quem
165 3210 363 3297 delegissent
376 3213 545 3277 hinnisset.
590 3213 683 3276 Tunc
729 3212 856 3290 ebares,
878 3232 977 3294 agaso
991 3208 1086 3274 Das

19 3293 113 3374 ³⁵r1i,
136 3316 255 3381 equum
271 3295 393 3360 domini
413 3297 456 3361 ad
478 3297 585 3360 locum
606 3296 806 3381 praedictum
825 3295 934 3359 duxit:
961 3293 983 3368 †
1004 3291 1061 3354 ille

55 3374 121 3441 alio
142 3376 214 3442 loco
236 3378 429 3444 abscondet:
451 3388 529 3444 tunc
550 3401 651 3465 equus
665 3379 760 3442 Darii
781 3399 934 3462 magnum
954 3375 1061 3439 hinni-

53 3466 125 3523 tum
147 3460 247 3526 dedit.
290 3461 343 3527 Ita
366 3462 485 3526 Darius
508 3486 645 3548 regnum
667 3463 818 3547 optinuit,
840 3481 859 3524 a
880 3480 943 3545 quo
964 3460 1062 3524 Arta·
