2310 3840
115 208 158 273 84
382 208 423 266 Μ.
445 209 585 267 VELLEI
607 208 823 269 PATERCULI

118 365 211 441 petiit.
225 364 371 425 Ferocem
386 363 518 422 illamtot
532 361 646 421 milium
659 362 842 421 iuventutem
852 364 943 436 paulo
952 369 1024 422 ante
1033 380 1100 424 ser·

120 450 241 508 vitutem
255 447 397 505 minatam
405 447 507 505 ltaliae
522 447 727 504 conterentem
741 461 833 517 arma,
849 447 953 519 qulbus
962 456 1101 521 usaerat,

118 533 199 607 apud
214 530 326 590 llumen
343 530 464 589 nomine
476 528 651 600 Bathinum,
666 534 972 603 prosternentemque
984 544 1020 591 se
1034 532 1102 591 uni·

120 631 239 674 versam
247 614 376 689 genibus
392 612 592 686 imperatoris,
601 613 813 686 Batonemque
824 611 1031 685 etPinnetem,
1045 630 1102 673 ex·

120 697 309 757 celsissimos
324 698 429 767 duces,
442 696 730 772 captumlatterum]
746 697 874 754 alterum
885 712 904 755 a
916 712 952 756 se
963 696 1104 759 beditum

91 804 107 854 5
120 782 205 840 iustis
221 779 425 840 voluminibus
442 779 548 838 ordine
562 779 761 852 narrabimus
774 786 808 838 ut
821 794 924 853 spero.
946 782 1105 841 Autumno

119 864 254 924 victorin
262 862 719 934 hibernareduciturexercitus,
732 863 820 923 cuius
829 861 969 922 omnibus
978 865 1107 939 copiisa

113 944 1107 1020 CaesareMLepiduspraelectusest‚virnominiacfortunaeCcc·

119 1049 220 1091 soram
234 1031 399 1105 proximus,
415 1045 506 1104 quem
513 1028 543 1087 in
553 1034 698 1103 quantum
707 1030 838 1105 ortisque
848 1036 900 1090 aut
912 1045 1108 1104 cognoscere

121 1115 354 1187 autintellegere
369 1112 473 1187 potuit,
489 1113 644 1172 intantum
658 1113 782 1173 miratur
790 1130 826 1172 ac
834 1112 930 1187 diligit
937 1120 1107 1175 tantorum-

122 1198 353 1272 quenominum‚
369 1197 480 1271 quibus
494 1204 579 1256 ortus
588 1203 644 1267 est,
660 1205 868 1256 ornamentum
882 1195 1007 1257 iudicat.

93 1292 109 1343 1
205 1281 292 1340 CXV.
337 1281 449 1340 Cacsar
464 1280 504 1339 ad
518 1281 643 1339 alteram
658 1280 727 1338 belli
740 1280 897 1340 Delmatici
910 1282 1024 1341 molem
1040 1284 1107 1343 ani-

121 1381 202 1424 mum
218 1370 310 1439 atque
324 1380 408 1423 arma
423 1362 557 1423 contulit.
594 1364 626 1420 ln
644 1380 704 1438 qua
720 1363 847 1438 regione
864 1363 947 1438 quali
962 1365 1109 1428 adiutore

121 1450 284 1523 legatoque
310 1450 402 1506 tratre
422 1463 490 1507 meo
511 1446 611 1520 Magio
634 1447 738 1506 Celere
765 1448 922 1506 Velleiano
948 1464 1028 1509 usus
1058 1450 1107 1525 sit,

121 1531 220 1607 ipsius
228 1530 387 1606 patrisque
394 1530 460 1590 eius
469 1531 696 1605 praedicatione
704 1538 845 1591 testatum
854 1539 901 1591 est
914 1539 944 1590 et
950 1533 1107 1607 amplissi-

122 1632 239 1676 morum
252 1617 416 1687 donorum,
434 1614 545 1688 quibus
563 1614 751 1688 triumphans
764 1631 833 1675 eum
843 1614 956 1673 Caesar
967 1616 1106 1690 donavit,

94 1700 222 1772 &signat
237 1699 391 1757 memoria.
428 1697 515 1756 lnitio
536 1698 662 1756 aestatis
676 1698 811 1772 Lepidus
833 1699 943 1757 educto
965 1698 1107 1761 hibernis

123 1782 258 1841 exercitu
274 1798 329 1856 per
340 1780 438 1855 gentis
450 1782 584 1855 integras
595 1780 798 1856 immunisque
813 1781 913 1841 adhuc
929 1783 1020 1843 clade
1036 1784 1107 1843 belli

123 1873 153 1925 ct
168 1881 204 1924 eo
221 1864 333 1926 ferocis
349 1880 385 1923 ae
401 1864 494 1923 trucis
510 1864 639 1923 tendens
660 1865 701 1923 ad
714 1865 865 1924 Tiberium
887 1865 1107 1939 imperatorem

123 1957 153 2009 et
176 1964 245 2008 curn
270 1948 448 2008 dillieultate
473 1948 611 2007 locorum
636 1955 666 2007 et
686 1965 754 2007 cum
771 1948 799 2007 vi
814 1947 947 2008 hostium
961 1950 1105 2023 luctatus,

123 2049 232 2106 magna
244 2048 312 2092 cum
324 2032 412 2091 clade
424 2031 636 2092 obsistentium
649 2031 763 2091 excisis
776 2032 872 2106 agris,
889 2033 1010 2095 exustis
1022 2036 1107 2095 aedi·

123 2116 216 2190 liciis,
239 2116 338 2175 caesis
354 2115 427 2175 viris
443 2118 540 2175 laetus
556 2116 681 2175 victoria
697 2117 873 2190 praedaque
889 2125 1021 2179 onustus
1036 2134 1106 2194 per·

124 2200 205 2259 venit
229 2200 268 2258 ad
285 2199 462 2271 Caesarem,
487 2205 517 2257 et
538 2199 577 2258 ob
594 2215 630 2258 ea
653 2200 773 2274 quaesi
795 2199 929 2275 propriis
952 2204 1107 2276 gessisset

124 2283 285 2357 auspiciis,
303 2283 487 2357 triumphare
499 2283 660 2355 debuerat,
673 2285 857 2344 ornamentis
871 2284 1105 2360 triumplialibus

124 2368 333 2426 consentiente
348 2383 417 2425 cum
429 2365 540 2427 iudicio
554 2367 724 2441 principum
738 2369 893 2427 voluntate
908 2376 1038 2431 senatus
1053 2372 1105 2431 do

95 2457 209 2513 enatus
224 2459 278 2510 est.
310 2450 364 2508 Illa
379 2456 483 2508 aestas
499 2451 620 2508 maximi
636 2451 706 2509 belli
722 2451 944 2512 consummavit
957 2452 1104 2514 effectus:

125 2533 241 2607 quippe
255 2533 401 2592 Perustae
417 2549 452 2591 ac
466 2533 648 2592 Daesitiates
663 2535 817 2594 Delmatae
840 2536 900 2594 situ
913 2534 1056 2599 locorum
1069 2552 1105 2599 ac

124 2616 283 2687 montium,
299 2615 488 2689 ingeniorum
503 2616 631 2687 ferocia,
647 2618 722 2677 mira
733 2618 823 2678 etiam
835 2620 992 2693 pugnandi
1005 2622 1105 2683 scien-

124 2698 166 2758 tia
179 2707 209 2760 et
224 2699 388 2774 praecipue
408 2699 555 2771 angustiis
576 2701 706 2760 saltuum
729 2718 828 2775 paene
848 2703 1106 2777 inexpugnabiles

124 2799 184 2842 non
199 2784 257 2842 iam
274 2783 381 2855 ductu,
397 2783 453 2841 sed
469 2784 608 2843 manibus
624 2793 717 2859 atque
733 2786 824 2846 armis
844 2786 943 2860 ipsius
960 2786 1105 2851 Caesaris

123 2874 185 2925 tum
198 2867 426 2941 demumpacati
439 2874 522 2941 sunt,
539 2883 607 2926 cum
622 2884 719 2942 paene
734 2870 869 2929 lunditus
880 2870 983 2931 eversi
994 2874 1106 2935 lorent.

94 2952 111 3003 l
125 2948 200 3008 Nihil
211 2951 241 3009 in
254 2950 312 3010 boe
324 2957 407 3011 tanto
419 2951 514 3024 bello,
529 2951 601 3009 nihil
614 2952 643 3011 in
652 2952 813 3012 Germania
824 2960 876 3013 aut
887 2954 994 3014 videre
1004 2956 1106 3019 maius

124 3041 175 3092 aut
189 3036 289 3092 mirari
305 3034 401 3109 magis
417 3035 516 3108 potui,
536 3052 627 3110 quam
649 3038 735 3110 quod
754 3037 930 3112 imperatori
944 3056 1107 3117 nunquam

123 3118 201 3176 adeo
230 3119 289 3177 ulla
316 3126 488 3193 opportuna
513 3119 580 3178 visa
603 3127 651 3178 est
675 3120 820 3180 victoriae
841 3121 981 3197 occasio,
1010 3141 1107 3200 quam

123 3200 233 3260 damno
242 3200 347 3260 amissi
356 3202 615 3277 pensaretmililis,
629 3219 813 3279 semperque
827 3204 1107 3283 visumeslglorio-

123 3299 206 3358 sum,
228 3284 312 3357 quod
334 3293 416 3345 esset
437 3286 633 3358 tutissimum,
655 3294 685 3346 et
700 3295 768 3346 ante
789 3289 995 3351 conscientiae
1009 3309 1107 3369 quam

122 3368 221 3426 lamae
237 3369 408 3427 consultum
423 3385 480 3428 nec
492 3387 626 3444 unquam
640 3372 769 3431 consilia
780 3373 867 3432 ducis
882 3372 997 3435 iudicio
1013 3392 1107 3438 exsr-

123 3449 215 3526 cituS,
232 3453 288 3511 sed
304 3454 454 3511 exercitus
471 3455 661 3526 prouidentia
676 3455 762 3514 ducis
778 3462 879 3516 rectus
895 3465 952 3517 cst.
