2266 3832
458 228 593 284 LIBER
622 231 662 284 lll.
849 281 853 292 ,
977 226 1016 286 21

106 393 211 468 gnavit.
248 390 385 449 Hannibal
402 390 501 449 multas
520 392 648 450 civitates
663 391 851 451 Romanorum
875 411 925 469 per
941 392 1018 469 Apu·

106 474 181 551 liam,
190 473 355 549 Calabriam,
366 483 399 546 ,et
412 474 534 533 Bruttios
548 477 707 551 occupavit,
723 493 779 553 quo
796 485 923 553 tempore
936 478 1018 534 etiam

105 578 158 617 rex
172 557 355 617 Macedoniae
370 557 515 635 Philippus
535 558 569 617 ad
585 577 648 616 eum
668 558 779 636 legatos
791 561 880 635 misit,
904 562 1017 636 promit·

108 651 170 701 tens
182 642 283 701 auxilia
299 650 395 700 contra
407 641 550 701 Romanos
567 642 618 700 sub
637 642 688 701 bac
705 643 883 719 condicione,
899 653 928 700 ut
941 642 1017 701 dele·

108 728 142 784 tis
155 726 288 784 Romanis
301 727 364 801 ipse
380 741 495 804 quoque
510 735 606 785 contra
620 723 745 785 Graecos
758 728 793 786 ab
805 725 958 786 Hannibale
970 744 1017 784 au·

107 808 173 868 xilla
193 811 348 886 acciperet.
386 807 483 886 Captis
503 811 587 886 igitur
602 809 707 886 ¹legatis
722 808 844 887 Philippi
868 819 895 868 et
918 828 949 868 re
968 824 1016 867 co·

108 895 183 970 gnita
206 893 323 952 Romani
342 895 369 952 in
384 892 578 952 Macedoniam
594 892 632 951 H.
649 893 791 952 Valerium
802 893 953 953 Laevinum
976 894 1017 950 ire

107 977 259 1053 iusserunt,
272 977 300 1035 in
316 977 469 1037 Sardiniam
484 976 516 1035 t.
527 974 659 1036 Haulium
671 976 842 1056 Torquatum
861 993 1016 1054 proconsu-

107 1058 172 1119 lem.
195 1059 265 1119 Ham
281 1061 364 1120 etiarn
383 1079 416 1119 ea
433 1060 582 1119 sollicitata
596 1061 630 1120 ab
642 1060 796 1121 Hannibale
812 1060 955 1119 Romanos
968 1058 1015 1117 de·

108 1153 245 1202 senuerat.

172 1227 258 1286 Gar.
270 1225 348 1285 xttt
373 1225 415 1286 lta
432 1244 487 1285 uno
504 1236 633 1304 tempore
653 1229 772 1306 quatuor
786 1226 860 1285 loeis
876 1227 1017 1305 pugnaba-

108 1320 165 1370 tur:
188 1311 217 1368 in
231 1308 311 1368 ltalia
328 1319 424 1369 contra
435 1310 632 1387 Hannibalem,
652 1313 679 1369 in
690 1310 833 1387 Hispaniis
851 1319 947 1369 contra
964 1309 1017 1367 fra·

108 1403 178 1452 trem
202 1393 262 1451 eius
274 1391 491 1469 Hasdrubalem,
515 1397 543 1452 in
556 1393 722 1453 Macedonia
737 1402 833 1452 contra
848 1393 1016 1469 Philippum,

108 1480 135 1535 in
150 1475 277 1535 Sardinia
289 1485 385 1536 contra
398 1476 503 1536 Sardos
519 1487 547 1536 et
558 1477 675 1537 alterum
688 1476 890 1536 Hasdrubalem
904 1474 1018 1534 Cartba-

108 1563 275 1638 giniensem.
304 1558 332 1618 ls
349 1559 409 1619 aT.
430 1559 534 1619 lllanlio
548 1561 735 1638 proconsule,
757 1562 804 1638 qui
818 1559 853 1619 ad
865 1559 1019 1618 Sardiniam

109 1647 212 1705 missus
227 1644 333 1720 luerat,
353 1647 435 1702 vivus
451 1654 495 1703 est
509 1655 619 1722 captus,
641 1646 738 1704 occisa
751 1663 813 1702 cum
827 1661 862 1702 eo
877 1664 915 1702 xn
932 1641 1017 1716 milia,

110 1730 184 1804 capti
196 1726 261 1785 mile
273 1729 430 1805 quingenti,
444 1737 473 1786 et
485 1747 500 1787 a
512 1729 646 1788 Romanis
658 1727 785 1804 Sardinia
797 1728 924 1786 subacta.
943 1723 1020 1784 Han·

109 1812 163 1870 lius
178 1813 271 1870 victor
293 1814 422 1888 captivos
444 1821 473 1870 et
496 1811 697 1871 Hasdrubalem
716 1811 834 1871 Romam
855 1811 1019 1887 reportavit.

109 1893 220 1953 Interea
239 1896 321 1953 etiam
333 1893 479 1972 Philippus
499 1894 649 1955 abaevino
667 1897 694 1953 in
705 1893 872 1954 Macedonia
888 1895 1019 1966 vincitur,

109 1980 181 2036 etin
198 1977 332 2054 Hispania
351 1979 566 2054 aSprionibus
583 1977 739 2038 Hasdrubal
756 1987 784 2037 et
794 1976 896 2055 Hago,
920 1976 1019 2035 tertius

111 2061 198 2119 irater
212 2058 384 2118 Harmibalis.

175 2144 261 2202 Car.
276 2140 351 2200 XlV.
370 2140 478 2222 (Vlll.)
500 2143 620 2202 Decimo
633 2160 704 2201 anno
718 2153 799 2220 post,
826 2162 908 2221 quam
920 2140 1021 2200 Hanni·
1033 2156 1088 2199 mu.

110 2224 156 2285 bal
169 2227 197 2285 in
208 2224 314 2284 ltaliam
327 2235 457 2302 venerat,
475 2225 506 2285 P.
520 2226 659 2303 Sulpicio,
673 2225 725 2285 Cn.
739 2225 840 2284 Fuluio
856 2242 931 2284 coss.
948 2224 1074 2282 Han-5⁴¹¹·
1102 2226 1104 2230 '

109 2309 184 2368 nibal
206 2327 297 2385 usque
317 2308 349 2367 ad
369 2320 496 2386 quartum
507 2311 652 2369 miliarium
667 2311 743 2368 urbis
756 2311 889 2385 accessit,
911 2311 1023 2386 equites

111 2395 171 2450 eius
185 2388 322 2472 usquead
335 2402 452 2469 portam.
482 2392 550 2452 llox
562 2392 710 2453 consulum
728 2402 804 2452 metu
818 2411 881 2454 cum
897 2393 1024 2451 exercitu

110 2471 270 2535 uenientum
283 2475 418 2536 Hannibal
430 2476 464 2535 ad
482 2475 660 2555 Campaniam
676 2496 707 2535 se
720 2479 840 2553 recepit.
874 2475 905 2534 ln
920 2475 1021 2552 Hispa·

110 2563 154 2619 nia
166 2578 181 2618 a
193 2561 278 2619 fratre
290 2561 352 2618 eius
363 2559 538 2620 Hasdrubale
551 2562 633 2620 ambo
645 2561 807 2638 Scipiones,
828 2562 876 2638 qui
890 2577 941 2637 per
952 2558 1021 2617 mul·

109 2653 154 2702 tos
167 2661 255 2702 annos
266 2645 392 2702 victores
405 2645 526 2721 fuerant,
545 2645 757 2721 interficiuntur,
771 2645 913 2702 exercitus
928 2651 1021 2701 tamen

110 2730 221 2804 integer
231 2729 341 2786 mansit.
370 2726 445 2786 Casu
456 2729 528 2787 enirn
540 2730 630 2807 magis
642 2738 730 2805 erant,
743 2747 825 2806 quam
836 2729 948 2790 virtute,
974 2724 1021 2782 de·

110 2813 195 2888 cepti.
235 2810 299 2882 Quo
326 2820 454 2888 tempore
477 2814 560 2870 etiam
581 2804 597 2871 a
620 2812 737 2871 consule
751 2810 886 2871 Harcello
906 2808 1020 2867 Siciliae
1032 2822 1089 2866 nu.

110 2913 209 2970 magna
221 2912 286 2971 pars
299 2903 380 2970 capta
392 2903 446 2970 est,
461 2913 543 2973 quam
554 2905 652 2955 tenere
664 2895 725 2954 Adri
742 2903 906 2972 coeperant,
931 2901 959 2950 et
969 2908 1020 2950 no·
1036 2891 1080 2934 ⁵⁴⁰·

109 2977 264 3036 bilissimae
282 2978 358 3035 urbis
375 2978 570 3052 Syracusanae
587 2979 691 3055 praeda
710 2981 808 3055 ingens
826 2977 943 3036 Romam
959 2993 1022 3051 per·

109 3060 165 3119 lata
180 3069 233 3120 est.
261 3059 400 3119 laevinus
418 3063 446 3120 in
463 3060 629 3122 Hacedonia
651 3079 713 3120 cum
729 3061 859 3138 Philippo
883 3069 911 3118 et
928 3057 1023 3118 multis

111 3142 247 3203 Graeciae
259 3144 373 3221 populis
391 3153 419 3203 et
429 3163 500 3223 rege
512 3145 598 3205 Asiae
609 3145 703 3204 Attalo
717 3147 863 3204 amicitiam
885 3143 969 3215 iecit,
994 3151 1023 3200 et

110 3227 144 3286 ad
164 3228 288 3287 Siciliam
307 3229 453 3304 proiectus
465 3229 628 3288 Hannonem
642 3228 795 3306 quendam,
818 3228 950 3285 dirorum
972 3225 1020 3282 du·

111 3329 189 3387 cem,
213 3311 287 3388 apud
302 3312 486 3390 Agrigentum
500 3316 639 3372 civitatem
653 3331 714 3370 cum
732 3314 795 3388 ipso
808 3310 915 3388 oppido
932 3309 1020 3384 cepit,

111 3413 231 3472 eumque
248 3394 365 3454 Romam
382 3414 445 3454 cum
462 3398 581 3472 captivis
598 3396 740 3454 nobilibus
761 3398 843 3452 misit.
875 3413 912 3452 xc
925 3393 1019 3450 civita·
