2266 3832
118 220 160 280 34
393 217 434 276 M.
456 216 598 275 VELLEI
616 214 834 277 PATERCULI

119 372 189 433 tivis
206 369 454 444 expeditionibus
477 369 592 442 piratae
612 374 760 428 terrerent
777 368 992 443 quasdamque
1012 367 1102 427 etiam

119 455 224 515 ltaliae
238 454 323 513 urbis
336 453 544 526 diripuissent,
561 452 613 511 Cn.
621 451 785 526 Pompeius
802 453 841 510 ad
857 466 912 511 eos
926 451 1101 525 opprimen-

120 541 178 599 dos
194 537 361 596 mitteretur
376 544 523 609 essetque
539 537 566 594 ei
588 536 748 609 imperium
763 551 896 609 aequum
912 535 942 592 in
958 534 1102 594 omnibus

120 621 286 698 provinciis
302 635 370 678 cum
386 618 624 693 proconsulibus
640 635 740 692 usque
758 620 798 677 ad
815 617 1102 693 quinquagesimum

93 705 277 765 ntriiliarium
293 720 311 760 a
325 704 410 761 mari.
439 702 504 775 Quo
521 712 647 762 senatus
663 705 802 763 consulto
819 718 919 776 paene
932 702 1027 762 totius
1042 710 1101 760 ter·

119 805 220 848 rarum
242 788 323 846 orbis
345 787 506 860 imperium
526 789 577 844 uni
600 788 664 844 viro
683 786 894 853 deserebatur;
922 786 980 844 sed
1001 794 1100 844 tamen

120 873 201 931 idem
220 872 279 930 hoc
301 879 370 928 atate
392 870 585 944 septennium
607 872 635 927 in
650 870 690 927 Μ.
705 871 819 929 Antoni
836 878 980 943 praetura
996 870 1101 927 decre·

87 966 181 1021 stum
197 962 269 1013 erat.
302 954 365 1013 Sed
386 955 535 1013 interdum
558 970 691 1027 persona
713 961 744 1012 ut
765 956 906 1027 exemplo
929 960 1036 1026 nocet,
1062 952 1103 1011 ita

120 1040 265 1099 invidiam
278 1047 368 1111 auget
379 1045 430 1096 aut
442 1040 535 1096 levat:
552 1039 580 1095 in
590 1038 722 1097 Antonio
734 1038 874 1096 homines
886 1052 987 1111 aequo
1001 1037 1102 1095 animo

121 1124 323 1198 passimam,
344 1138 414 1180 raro
431 1123 510 1180 enirn
525 1122 677 1181 invidetur
692 1137 797 1180 corum
818 1121 1001 1193 honoribus
1025 1135 1100 1194 quo-

120 1224 186 1265 rum
199 1206 246 1265 vis
262 1223 323 1265 non
338 1207 475 1273 timetur;
492 1213 598 1264 contra
612 1205 641 1262 in
656 1207 693 1263 iis
708 1206 847 1263 horrnines
860 1204 1101 1264 extraordinaria

120 1291 333 1360 reformidant,
354 1288 407 1363 qui
422 1305 458 1347 ea
474 1306 530 1348 suo
547 1289 670 1348 arbitrio
686 1296 736 1347 aut
751 1287 922 1362 deposituri
935 1294 988 1346 aut
1002 1294 1102 1347 reten-

120 1374 180 1434 turi
202 1374 342 1432 videntur
358 1381 387 1432 et
407 1373 531 1431 modum
552 1373 583 1431 in
604 1373 758 1432 volontate
778 1373 900 1431 habent.
932 1371 1102 1430 Dissuade-

121 1459 195 1516 bant
210 1458 385 1530 optimates,
409 1457 465 1515 sed
482 1457 610 1516 consilia
624 1457 738 1530 impetu
754 1457 834 1516 victa
848 1463 926 1515 sunt.

89 1553 104 1602 1
200 1541 318 1601 lolxtt
348 1540 446 1613 Digna
461 1549 507 1599 est
521 1540 668 1598 memoria
683 1540 716 1612 Q.
734 1540 828 1599 Catuli
851 1555 919 1598 curn
935 1538 1102 1597 auctoritas

121 1634 183 1683 tum
204 1623 404 1693 verecundia,
432 1624 484 1696 qui
506 1640 573 1681 curn
595 1624 779 1683 dissuadens
801 1625 899 1697 legem
913 1624 943 1681 in
959 1622 1103 1681 contione

122 1708 252 1764 dixisset
273 1721 344 1764 esse
371 1707 494 1778 quidem
520 1709 707 1780 praeclarum
733 1708 830 1765 virum
851 1707 902 1766 Cn.
924 1705 1102 1779 Pompeium

122 1791 179 1848 sed
200 1791 324 1847 nimium
346 1790 405 1846 iarn
426 1790 540 1848 liberae
559 1791 745 1864 reipublicae
762 1807 862 1864 neque
878 1792 979 1849 oninia
993 1790 1024 1847 in
1040 1806 1101 1849 uno

121 1874 316 1947 reponenda,
333 1873 574 1946 adiecissetque:
597 1874 643 1947 „si
660 1874 733 1945 quid
748 1875 818 1932 huic
834 1875 993 1945 acciderit,
1010 1888 1101 1947 quern

122 1958 151 2014 in
169 1958 235 2016 cius
250 1959 350 2016 locum
366 1957 589 2017 substituitist“
609 1959 809 2017 subclamavit
824 1958 968 2017 universa
983 1956 1102 2016 contio:

124 2049 187 2114 ,‚te,
211 2041 243 2113 Q.
261 2042 400 2108 Catule;“
420 2051 482 2100 tuni
498 2042 548 2099 ille
565 2042 661 2102 victus
678 2057 833 2101 consensu
849 2042 982 2102 omnium
997 2050 1028 2100 et
1041 2048 1101 2100 tam

90 2125 294 2184 alienorifico
317 2124 446 2184 civitatis
467 2125 640 2185 testimonio
663 2142 680 2184 e
701 2128 844 2185 contione
859 2126 1012 2185 discessit.
1046 2124 1103 2183 Hie

122 2209 254 2268 hominis
267 2209 491 2281 verecundiam,
508 2211 611 2282 populi
624 2210 767 2268 iustitiam
778 2209 879 2267 mirari
894 2208 982 2277 libet;
998 2207 1103 2279 huius,

124 2293 207 2365 quod
223 2309 283 2352 non
306 2293 383 2352 ultra
399 2293 568 2365 contendit,
591 2293 704 2366 plebiS,
728 2293 810 2372 quod
826 2293 1057 2351 dissuadentem
1073 2300 1103 2351 et

124 2376 333 2434 adversarium
347 2376 511 2435 voluntatis
527 2392 602 2434 suae
618 2392 689 2434 vcro
700 2377 873 2435 testimonio
890 2376 1033 2435 fraudare
1047 2392 1102 2434 no-

88 2460 182 2517 aaut.
215 2458 273 2516 Per
293 2458 373 2515 idem
393 2466 513 2531 tempus
536 2459 621 2517 Cotta
642 2459 796 2518 iudicandi
816 2476 941 2533 mnam,
969 2460 1054 2533 quod
1069 2459 1100 2518 C.

125 2540 279 2599 Gracchus
297 2548 433 2614 ereptum
449 2541 568 2600 senatui
590 2543 628 2600 ad
650 2544 786 2616 equites,
815 2542 900 2603 Sulla
920 2544 959 2602 ab
979 2543 1039 2603 illis
1062 2544 1101 2603 ad

123 2631 261 2682 senatum
277 2625 499 2696 transtulerant,
517 2626 684 2699 aequaliter
698 2626 776 2686 inter
790 2634 951 2700 utrumque
963 2627 1101 2686 ordinem

123 2708 250 2781 partitus
267 2717 328 2775 est;
356 2706 432 2766 Otho
448 2709 581 2768 Roscius
603 2711 670 2782 lege
692 2728 748 2769 sua
763 2712 916 2785 equitibus
938 2712 967 2769 in
983 2710 1101 2771 theatro

91 2792 190 2850 lloca
204 2792 344 2851 restituit.
378 2795 417 2850 At
433 2792 483 2850 Cn.
499 2792 662 2867 Pompeius
684 2795 785 2854 multis
800 2804 829 2853 et
845 2797 1010 2869 praeclaris
1028 2795 1102 2855 viris

123 2878 153 2934 in
169 2875 200 2933 id
214 2877 326 2935 bellum
343 2877 512 2951 adsumptis
525 2879 743 2952 descriptaque
756 2885 878 2953 [pactae]
894 2881 923 2936 in
941 2880 1040 2938 omnis
1055 2894 1101 2937 re-

125 2976 233 3018 cessus
245 2959 335 3019 maris
348 2962 503 3035 praesidio
518 2963 639 3020 riarium
654 2964 740 3021 brevi
754 2964 994 3038 inexsuperabili
1009 2980 1103 3023 manu

123 3053 270 3102 terrarum
296 3046 400 3104 orbem
425 3045 577 3113 liberavit,
604 3047 841 3120 praedonesque
869 3062 922 3121 per
946 3048 1040 3107 multa
1065 3062 1102 3105 ae

123 3128 223 3184 maltis
244 3128 321 3186 locis
344 3129 441 3188 victos
464 3130 544 3186 circa
560 3129 691 3187 Ciliciam
713 3131 814 3191 classe
835 3133 1003 3204 adgressus
1024 3130 1102 3191 ludit

124 3225 160 3269 ac
175 3209 298 3283 fugavit,
316 3221 345 3270 et
361 3229 421 3285 quo
437 3212 582 3270 maturius
598 3213 710 3271 bellum
724 3221 783 3272 tam
799 3216 859 3274 late
870 3214 1014 3274 diffusum
1028 3229 1100 3274 con-

123 3293 242 3363 ficeret,
262 3293 407 3367 reliquias
424 3311 528 3354 eorum
545 3303 716 3356 contractas
732 3298 762 3355 in
776 3299 905 3358 urbibus
919 3307 1101 3372 remotoque

90 3378 196 3436 ornari
212 3380 279 3436 loco
296 3376 324 3433 in
342 3385 423 3436 certa
440 3380 515 3437 sede
530 3380 694 3438 constituit.
723 3380 800 3440 Sunt
814 3382 866 3456 qui
880 3381 939 3440 hoc
955 3390 1099 3454 carpant;

123 3463 179 3519 sed
203 3477 386 3536 quamquam
407 3458 437 3519 in
460 3470 585 3521 auctore
606 3464 680 3522 satis
702 3464 828 3524 rationis
850 3470 911 3537 est,
938 3470 999 3523 tum
1020 3465 1099 3523 ratio

926 3675 1027 3786 ἱ
