2266 3832
439 213 491 296 11,
507 217 544 277 13
558 213 633 301 [1111,
647 213 690 300 21.
1021 225 1061 288 85

54 406 137 450 cum
154 383 276 449 maiore
298 381 456 446 dedecore
476 403 536 466 per
556 380 744 446 Thessalica
763 383 885 471 Tempe
908 408 990 472 equo
1011 388 1061 453 fu-

82 475 168 549 eret,
195 474 233 530 ut
250 486 318 529 una
342 463 495 528 navicula
514 464 646 531 Lesbon
667 466 897 552 applicaretur,
924 479 963 534 ut
981 469 1060 557 Sye-

55 489 130 615 dtis
160 552 196 613 in
225 549 355 614 deserto
388 546 523 613 Ciliciae
555 546 687 634 scopulo
716 549 829 635 fugam
849 551 884 614 in
910 552 1059 637 Parthos,

54 632 208 699 Africam
233 631 288 696 vel
313 632 364 696 Ae
432 639 501 695 tum
527 633 680 716 agitaret,
706 642 744 697 ut
770 634 910 721 denique
929 635 1060 702 Pelusio
1070 658 1104 709 52

13 740 33 781 s
54 716 156 781 litore
182 715 318 803 imperio
396 715 499 778 'ssimi
523 716 626 799 regis,
652 717 797 781 consiliis
819 718 999 803 spadonum
1020 730 1061 804 et,

54 821 100 863 ne
122 798 203 899 quid
217 797 312 863 malis
331 799 475 881 deesset,
505 797 653 898 Septimii
679 800 855 864 desertoris
878 804 928 866 sui
950 803 1061 888 gladio

54 882 239 947 trucrdatus
260 881 321 947 sub
339 879 442 948 oculis
462 904 575 946 uxone
597 900 674 947 suae
694 882 936 970 liberorumque
958 908 1062 952 more·

56 976 159 1031 retur.

143 1048 225 1129 Quis
246 1070 313 1114 non
332 1056 499 1134 peractum
520 1070 592 1113 esse
613 1071 687 1113 cum
707 1050 863 1135 Pompeio
889 1053 1105 1127 crederetlss,

21 1158 48 1201 ro
56 1134 173 1218 atquin
191 1134 299 1196 acrius
318 1130 419 1195 multo
446 1143 542 1219 atque
569 1132 790 1198 vehementius
813 1133 993 1200 Thessalici
1015 1139 1062 1201 in-

55 1215 168 1281 cendii
195 1217 320 1280 cineres
352 1213 566 1279 recaluerunt.
619 1225 651 1279 et
678 1218 713 1281 in
743 1217 896 1303 Aegypto
928 1221 1059 1305 quidem
1070 1241 1105 1289 54

55 1300 216 1365 adversus
234 1299 407 1363 Caesarem
429 1299 498 1362 sine
543 1299 666 1363 artibus
687 1300 819 1364 bellum.
848 1303 903 1386 qui
926 1324 967 1386 pe
987 1323 1105 1372 cumas

55 1381 278 1464 Ptolemaeus,
306 1403 366 1445 rex
392 1381 522 1445 Alexan
562 1383 628 1462 iae,
661 1405 819 1447 summum
848 1386 878 1447 ci
926 1387 954 1448 is
982 1386 1062 1450 belli

56 1464 164 1531 scelus
185 1466 366 1550 peregisset
387 1472 419 1528 et
439 1465 553 1529 foedus
565 1467 725 1530 amicitiae
747 1489 820 1531 cum
835 1465 976 1532 Caesare
996 1492 1062 1534 me·

22 1548 115 1613 udio
135 1548 273 1634 Pompei
294 1548 400 1633 capito
422 1549 598 1629 sanxisset,
627 1549 784 1613 ultionem
803 1549 976 1615 clarissimi
998 1554 1062 1617 viri

54 1631 207 1697 manibus
229 1639 404 1729 quaerente
430 1631 576 1695 Fortuna
598 1652 695 1696 causa
715 1654 781 1696 non
809 1633 922 1699 defuit.
968 1635 1107 1704 Cleo-56

53 1724 160 1803 patra,
181 1736 269 1799 regis
292 1735 391 1794 soror,
405 1714 521 1778 adfusa
539 1714 688 1779 Caesaris
709 1716 846 1800 genibus
865 1727 991 1802 partem
1011 1741 1061 1784 re-

54 1799 115 1885 gni
134 1798 336 1883 reposcebat.
380 1798 491 1863 aderat
534 1798 639 1863 uellae
659 1799 773 1881 forma,
797 1809 829 1863 et
851 1822 935 1886 quae
958 1802 1061 1888 dupli·

55 1891 187 1947 caretur
214 1902 257 1945 ex
283 1880 355 1963 illo,
376 1882 470 1980 ‘quod
488 1891 523 1944 ta
537 1883 563 1944 ‘s
589 1904 687 1968 passa
705 1883 878 1947 videbatur
899 1886 1060 1968 iniuriam,

22 1964 171 2033 alodium
190 1966 293 2050 ipsius
314 1987 350 2029 re
374 1987 416 2045 1s,
446 1966 501 2051 qui
522 1964 602 2029 Pom
627 1968 657 2029 ei
681 1987 794 2030 necem
820 1969 962 2051 partium
983 1969 1105 2052 fato,57

54 2070 123 2113 non
143 2047 278 2113 Caesari
299 2047 339 2111 de
364 2056 449 2130 erat,
478 2047 566 2111 haud
594 1988 692 2112 dubio
713 2049 800 2113 idem
826 2051 861 2112 in
880 2051 987 2134 ipsum
1005 2072 1060 2114 au·

55 2153 168 2212 surus,
196 2132 224 2193 si
252 2130 368 2194 fuisset
394 2132 531 2196 occasio.
583 2153 678 2217 quam
706 2132 763 2196 ubi
785 2131 907 2196 Caesar
932 2135 1060 2198 restitui
1070 2151 1103 2202 58

54 2216 153 2279 iussit
171 2214 208 2278 in
224 2236 371 2298 regnum,
394 2215 502 2278 statim
521 2214 562 2277 ab
583 2215 686 2279 isdem
706 2215 951 2301 percussoribus
965 2216 1060 2280 Pom-

53 2299 111 2385 pei
131 2297 285 2363 obsessus
313 2298 349 2360 in
369 2298 461 2382 regia
487 2299 633 2384 quamvis
656 2300 776 2382 exigua
796 2319 894 2362 manu
915 2300 1060 2383 ingentis

23 2383 222 2447 mexercitus
251 2380 369 2445 molem
399 2382 481 2444 mira
509 2383 629 2445 virtute
658 2383 818 2446 sustinuit.
863 2403 902 2445 ac
919 2383 1104 2467 primumtt

77 2466 279 2531 roximorum
298 2463 519 2529 aedificiorum
538 2473 634 2551 atque
654 2465 818 2529 navalium
840 2466 989 2530 incendio
1011 2467 1059 2529 in-

54 2488 215 2613 lectorum
233 2547 375 2612 hostium
394 2547 461 2611 tela
480 2551 664 2632 summovit,
686 2570 764 2613 mox
783 2551 819 2612 in
833 2549 1061 2635 paeninsulam

54 2632 189 2697 Pharon
211 2630 336 2696 subitus
365 2632 487 2713 evasit3
516 2633 591 2696 inde
619 2632 771 2719 depulsus
797 2636 833 2697 in
854 2634 957 2696 maria
976 2635 1060 2697 mira

54 2714 214 2781 felicitate
234 2714 277 2779 ad
322 2716 482 2778 roximam
509 2716 646 2780 classem
667 2718 824 2798 enatavit,
854 2716 968 2780 relicto
1011 2717 1059 2779 ui·

22 2800 133 2867 todem
156 2801 193 2865 in
217 2797 308 2862 fluctr
331 2820 369 2862 us
397 2798 624 2884 paludamento
651 2822 708 2863 seu
734 2799 800 2863 fato
830 2821 887 2863 seu
912 2739 1057 2881 consilio,

53 2892 92 2949 ut
111 2882 195 2947 illud
214 2881 440 2966 ingruentibus
461 2882 603 2947 hostium
618 2882 691 2947 telis
710 2884 863 2969 saxisque
883 2889 1057 2966 peteretur.

52 2976 134 3033 tunc
159 2973 308 3051 receptus
336 2988 356 3029 a
382 2965 526 3030 classicis
549 2968 631 3049 suis,
658 2966 802 3051 undique
824 2965 920 3029 simul
947 2965 1103 3029 hostesto

54 3050 189 3117 adortus
208 3049 249 3114 de
267 3048 381 3115 inbelli
400 3070 438 3112 ac
459 3049 584 3136 perfida
600 3059 697 3135 gente
719 3050 805 3114 iusta
824 3049 938 3134 generi
958 3051 1059 3111 mani-

52 3134 117 3199 bus
135 3133 237 3200 dedit.
282 3134 400 3219 quippe
429 3142 460 3196 et
488 3132 674 3198 Theodotus
702 3134 858 3217 magister
884 3138 1056 3216 auctorque

23 3220 158 3285 sstotius
174 3216 270 3299 belli,
293 3224 326 3280 et
347 3237 389 3280 ne
409 3216 518 3280 virilia
545 3217 675 3303 quidem
706 3226 871 3302 portenta,
900 3212 1057 3277 Pothinus

54 3310 154 3389 atque
184 3299 393 3386 Ganymedes
422 3300 552 3364 diversa
583 3322 642 3384 per
669 3320 758 3363 mare
790 3308 823 3363 et
848 3307 951 3361 terras
980 3295 1056 3378 luga

53 3394 160 3451 morte
186 3384 378 3469 consumpti.
427 3385 515 3468 regis
542 3385 643 3483 ipsius
669 3404 785 3469 corpus
805 3381 955 3443 nlnutum
981 3376 1059 3440 limo

53 3478 222 3557 popm-tum
244 3475 293 3531 est
312 3468 347 3531 in
367 3487 484 3531 aureae
506 3466 625 3520 lomna
645 3466 766 3520 lennem
