2310 3840
414 233 635 292 tranavit.
939 226 981 291 47

135 399 221 460 Cas.
236 397 271 458 V.
303 396 347 457 Eo
364 397 549 475 temporelll.
568 395 725 474 Agrippa
716 415 744 454 ιιι
755 394 903 477 Aquitania
921 414 1040 460 remmu

69 500 211 562 prospere
223 483 325 560 gessit.
356 480 392 540 Et
410 480 441 540 L
459 480 605 540 Ventidius
624 479 753 539 Bassus
745 482 961 558 irrumpentes
953 500 981 540 m
995 486 1042 530 ⁷¹⁶·

69 567 181 642 Syriam
191 565 293 624 Persas
305 565 393 624 tribus
406 564 524 662 proeliis
536 566 614 623 viait.
647 563 794 641 Pacorum,
820 566 897 642 regis
910 562 980 624 Oro·
990 557 1047 599 Ν·

69 650 113 709 dis
129 650 225 726 lilium,
239 649 382 708 interfecit
393 663 429 708 oo
441 650 506 726 ipso
519 647 575 725 die,
595 665 651 725 quo
665 647 731 706 olim
746 645 868 725 Orodes,
881 647 981 708 Persa·
990 624 1034 668 ⁷¹³·

68 753 129 793 rum
148 751 214 810 rex,
242 750 295 810 per
316 732 416 792 duoom
430 733 565 792 Surenam
584 729 716 791 Crassum
734 731 887 791 occiderat.
928 731 982 791 Hio

69 820 175 895 primus
188 815 223 875 de
239 814 347 875 Parthis
362 817 544 875 iustissimum
559 816 728 893 triumphum
741 815 850 875 Romae
842 817 932 893 egit.

130 900 215 961 Can
229 897 278 958 vl.
307 898 421 958 Interim
441 899 593 977 Pompeius
617 917 717 976 paoem
738 902 813 977 rupit
838 909 866 958 et
890 899 1046 965 nataliae.

67 983 180 1063 proelio
192 985 283 1043 vietus
299 983 412 1061 fugiens
424 982 459 1042 ad
472 983 568 1043 Asiam
580 983 745 1042 interiectus
759 992 811 1042 est.
825 981 905 1063 (iv.)
924 984 980 1042 An·
989 989 1036 1031 ⁷¹⁴

68 1069 172 1144 tonius,
186 1086 233 1145 qur
227 1065 341 1127 'Asiam
354 1066 554 1145 orientemque
567 1067 695 1141 tenebat,
719 1067 864 1165 repudiata
880 1062 1014 1127 sor'oreA
1019 1059 1043 1100 ⁰·

67 1148 492 1228 CaesarisAugustiOctaviani,
506 1149 697 1228 Cleopatram,
710 1154 835 1228 reginam
842 1129 1006 1229 Aegypti,⁷
994 1127 1039 1170 ηδ’

69 1235 146 1295 duxit
163 1251 289 1295 uxorem.
323 1233 427 1294 Contra
443 1232 569 1293 Persas
561 1251 625 1312 ipse
643 1236 725 1292 etiam
741 1236 885 1311 pugnavit.
921 1233 979 1294 Pri·
988 1237 1015 1277 Α
1018 1236 1043 1276 U·

65 1320 119 1378 mis
132 1336 184 1378 eos
201 1318 318 1396 proeliis
330 1319 408 1395 vicit,
431 1316 597 1395 regrediens
613 1327 705 1376 tamon
717 1317 791 1376 lame
803 1327 831 1376 et
844 1318 980 1416 pestilen·
998 1304 1043 1346 ⁷¹⁶·

65 1405 105 1462 tia
119 1401 257 1462 laboravit
271 1411 314 1478 et,
340 1420 402 1461 oum
422 1403 556 1461 instarent
571 1400 661 1461 Partiri
683 1400 851 1478 fugienti,
843 1417 906 1478 ipse
926 1415 978 1477 pro

67 1487 144 1546 vieto
158 1489 289 1545 recessit.

130 1569 216 1630 Cur.
227 1567 290 1628 Vll.
321 1569 374 1628 Hie
389 1587 504 1648 quoque
520 1571 620 1647 ingens
632 1568 738 1629 bellum
755 1568 839 1628 civile
856 1584 979 1628 eommo-
988 1603 1015 1644 Α
1018 1603 1044 1644 0,

65 1656 105 1712 vit
117 1662 239 1731 cogente
251 1670 339 1712 uxore
352 1652 520 1753 Cleopatra,
543 1655 642 1730 regina
652 1653 794 1732 Aegypti,
817 1653 882 1712 dum
900 1654 978 1730 oupi·
989 1672 1013 1712 ι
1014 1672 1034 1713 o

65 1737 152 1797 ditate
167 1737 295 1797 muliebri
309 1746 387 1814 optat
400 1739 503 1797 etiam
494 1756 522 1797 m
534 1738 603 1797 urbe
617 1756 747 1816 regnare.
776 1736 875 1796 Victus
888 1746 931 1796 est
943 1737 976 1796 ab
987 1739 1040 1783 Au

63 1821 193 1898 Augusto
206 1820 296 1880 navali
308 1839 402 1899 pugna
414 1820 489 1881 alara
502 1830 530 1880 et
541 1819 642 1880 illustri
654 1821 729 1899 apud
739 1821 862 1897 Actium,
876 1839 922 1899 qur
916 1819 976 1879 lo·
987 1809 1033 1850 7²¹·

65 1923 116 1964 cus
128 1906 156 1964 in
166 1903 255 1982 Epiro
270 1914 329 1982 est,
353 1923 389 1965 ex
400 1923 455 1983 qua
473 1905 567 1982 fugit
559 1923 587 1964 m
601 1903 764 1983 Aegyptum
779 1913 808 1964 et
819 1904 976 1982 desperatis

63 1988 166 2066 rebus,
187 2006 250 2047 eum
262 2003 360 2049 omnes
373 1988 408 2048 ad
418 1987 575 2066 Augustum
588 1991 749 2066 transirent,
766 1991 830 2064 ipse
846 2008 878 2048 se
891 1991 976 2048 inter·

63 2073 141 2132 emit.
168 2069 320 2150 Cleopatra
339 2073 393 2132 sibi
406 2071 533 2150 aspidem
545 2070 656 2132 admisit
672 2081 701 2132 et
718 2089 829 2131 veneno
847 2074 908 2131 eius
928 2089 976 2130 ex·

62 2157 165 2236 stinota
179 2165 233 2216 est.
265 2155 415 2235 Aegyptus
429 2174 482 2233 per
493 2153 675 2215 Octavianum
686 2155 843 2234 Augustum
855 2157 975 2232 imperio

62 2239 191 2300 llomano
203 2240 313 2301 adiecta
329 2250 373 2300 est
385 2241 622 2318 praepositusque
641 2242 667 2299 ei
684 2239 736 2300 Cn.
749 2238 898 2299 Cornelius
912 2236 974 2298 Gal·

62 2321 117 2382 lus.
139 2322 219 2383 lluno
232 2326 350 2401 primum
360 2323 510 2402 Aegyptus
520 2323 674 2383 Romanum
687 2324 810 2383 iudicem
820 2324 925 2382 habuit.

128 2407 180 2468 Ca
189 2428 216 2467 s.
239 2406 315 2467 Vlll.
345 2407 386 2468 lta
398 2408 481 2468 bellis
496 2416 556 2467 toto
570 2408 639 2467 orbe
652 2407 792 2467 coniectis
805 2406 975 2466 Octavianus
985 2426 1034 2468 Au

61 2490 207 2569 Augustus
217 2492 335 2553 Romam
345 2492 438 2569 rediit,
450 2511 502 2553 ιιιι.
515 2508 597 2569 anno,
611 2511 693 2570 quam
705 2489 804 2552 consul
816 2491 916 2551 luerat.
931 2489 976 2550 Ex
990 2494 1036 2541 ⁷2³·

63 2592 98 2636 eo
116 2594 175 2634 rem
194 2576 334 2653 publicam
351 2594 401 2654 per
417 2575 599 2654 quadraginta
616 2584 645 2635 et
662 2585 781 2654 quatuor
796 2591 883 2635 annos
895 2575 975 2635 solus

63 2660 191 2719 obtinuit.
214 2658 288 2720 Ante
301 2662 374 2720 enim
384 2680 425 2720 arr
436 2661 586 2720 anniseum
596 2659 719 2719 Antonio
735 2659 877 2737 etbepido
894 2669 974 2719 tenu·

62 2751 132 2803 erat.
155 2741 197 2804 lta
212 2744 247 2803 ab
259 2745 337 2803 initio
351 2746 523 2822 principatus
535 2745 597 2803 aius
609 2762 700 2822 usque
712 2743 746 2804 ad
758 2744 840 2803 linem
851 2763 898 2805 ιιι
911 2746 974 2803 anni

60 2827 152 2887 fuere.
182 2826 248 2907 (V.)
270 2825 347 2887 Obiit
365 2837 457 2887 autem
477 2848 572 2888 uuuvu.
591 2845 663 2888 anno
679 2836 770 2887 morte
786 2829 925 2887 communi
945 2829 1038 2896 inno.

61 2909 169 2988 oppido
186 2908 356 2989 Campaniae
366 2910 469 2971 Atella.
493 2912 601 2972 Romae
612 2913 641 2972 in
654 2929 754 2990 eampo
764 2911 864 2972 lilartio
877 2911 972 2989 sepul·
982 2921 1031 2967 tta.

59 3003 105 3053 tus
121 3003 181 3071 est,
198 2997 251 3072 vir,
266 2997 313 3074 qui
327 3012 383 3055 non
395 2997 532 3055 immerito
549 2998 712 3056 oxmaxima
730 3005 808 3074 parte
819 2995 883 3055 Deo
895 2997 971 3055 simi-

59 3077 96 3138 lis
111 3087 156 3138 est
170 3087 292 3157 putatus.
326 3078 428 3158 Neque
445 3082 518 3139 enirn
539 3080 623 3143 facile
636 3079 710 3140 ullus
728 3098 763 3140 eo
781 3082 871 3139 autin
887 3079 970 3140 bellis

59 3161 173 3222 felieior
184 3163 237 3223 fuit
248 3164 333 3224 autin
344 3181 416 3242 paee
428 3163 608 3224 moderatior.
630 3184 697 3225 xurv
708 3167 797 3241 annis,
811 3165 912 3243 quibus
924 3181 970 3224 so·

59 3244 103 3305 lus
118 3249 209 3325 gessit
221 3248 377 3326 imperium,
395 3248 559 3308 civilissime
571 3250 651 3326 vixit,
663 3251 691 3309 ia
704 3257 821 3308 eunotos
832 3246 970 3308 liberalis·

59 3330 158 3407 simus,
173 3333 200 3391 in
212 3334 319 3392 amieos
334 3332 495 3409 fidissimus,
509 3349 580 3412 quos
595 3334 677 3394 tantis
696 3335 791 3394 evexit
803 3331 969 3406 honoribus,

59 3421 90 3473 ut
101 3430 194 3492 paene
205 3424 339 3495 aequaret
350 3417 466 3495 fastigio
479 3433 542 3477 suo.
