2266 3832
147 197 190 260 34
496 203 716 260 EUTROPII

148 368 252 446 picium
266 366 416 428 dimicavit.
448 366 556 426 Primus
570 367 667 426 urbem
678 366 795 426 Romam
812 375 934 426 armatus
950 369 1072 445 ingres·

147 458 267 525 ausast,
292 450 448 527 Sulpicium
467 450 625 526 interiecit,
648 449 764 510 Marium
784 449 907 529 fugarit,
924 459 1016 529 atque
1030 456 1072 514 ita

83 533 311 611 „neumatibus
328 533 461 594 ordinatis
483 537 510 593 in
532 535 653 593 futurum
670 551 770 593 annum
782 532 830 594 Cn.
846 533 967 594 Octavio
988 545 1020 594 et
1035 535 1069 598 L.

87 636 133 679 tos.
148 616 281 678 Cornelio
294 615 380 677 Cinna
391 618 426 677 ad
437 616 533 677 Asiam
544 617 690 695 proiectus
702 626 747 676 est

211 702 297 763 (lar.
310 701 344 765 V,
375 700 550 761 Mithridates
569 703 659 776 enim,
680 703 727 779 qui
738 699 819 759 Ponti
835 719 886 761 rex
900 710 961 760 erat
975 711 1070 780 atque

146 786 304 844 Armeniam
316 788 453 845 minorem
464 795 590 845 ettotam
596 784 741 844 Ponticum
748 802 825 843 mare
833 785 861 842 in
870 786 990 844 circuitu
998 803 1069 846 eum

145 869 276 947 Bosporo
293 870 422 943 tenebat,
446 871 536 947 primo
549 867 735 944 Nicomeden,
754 870 873 927 amicum
887 868 988 946 populi
1003 869 1068 929 Ro-

146 955 229 1028 mani,
244 952 372 1029 Bithynia
385 952 475 1012 voluit
487 953 644 1030 expellere,
658 953 824 1029 senatuique
835 950 986 1027 mandavit,
1000 953 1067 1013 hel·

147 1036 204 1096 lum
217 1055 249 1095 se
260 1037 287 1094 ei
300 1045 417 1114 propter
428 1038 556 1111 iniurias,
576 1055 646 1115 quas
665 1053 766 1114 passus
784 1036 891 1112 fuerat,
909 1035 1065 1096 illaturum.

146 1121 172 1180 A
184 1127 283 1179 senatu
294 1137 462 1198 responsum
474 1131 518 1180 est
525 1119 687 1195 Mithridati,
701 1121 725 1179 si
736 1118 765 1178 id
776 1119 895 1195 laceret,
908 1119 988 1197 quod
1000 1120 1064 1180 hel·

146 1204 203 1263 lum
215 1222 230 1263 a
242 1203 376 1263 llomanis
394 1214 423 1264 et
439 1207 502 1282 ipse
518 1213 669 1282 pateretur.
699 1202 792 1276 Quare
810 1204 896 1262 iratus
908 1202 1067 1281 Cappado-

149 1290 219 1347 ciam
239 1289 331 1347 statim
346 1291 497 1366 occupavit
516 1297 598 1348 etex
618 1306 652 1347 ea
666 1285 892 1362 Ariobarzanen,
916 1305 1018 1365 regem
1035 1297 1066 1347 et

148 1375 266 1431 amicum
286 1372 385 1451 populi
401 1373 535 1448 Romani,
564 1373 681 1449 fugavit.
713 1371 780 1431 Mox
800 1372 883 1430 etiam
901 1370 1066 1446 Bithyniam

147 1457 248 1515 invasit
261 1464 289 1514 et
300 1452 515 1533 Paphlagoniam
529 1454 701 1532 pnlsisenea
712 1456 840 1531 regibus,
853 1456 950 1514 amieis
960 1455 1065 1534 populi

147 1539 277 1612 Romani,
291 1538 460 1613 Pylaemene
473 1548 501 1597 et
511 1537 678 1600 Nicomede.
704 1537 772 1597 lnde
783 1536 929 1615 Ephesum
942 1548 1065 1599 conten-

149 1621 186 1680 dit
207 1629 235 1679 et
252 1637 304 1697 per
323 1637 433 1680 omnem
444 1622 540 1682 Asiam
555 1621 652 1681 literas
664 1623 754 1699 misit,
773 1631 819 1698 nt,
839 1623 1004 1701 ubicunqne
1020 1623 1063 1683 in·

149 1706 222 1766 tenti
241 1713 338 1766 essent
348 1707 427 1763 cives
441 1704 570 1777 Romani,
583 1722 639 1764 uno
651 1704 698 1764 die
713 1706 921 1766 occiderentur.

210 1791 294 1851 Gar.
317 1788 366 1849 Vl.
390 1787 501 1849 Interea
513 1791 596 1848 etiam
608 1787 746 1866 Athenae,
760 1791 860 1848 civitas
870 1790 1011 1867 Achaiae,
1026 1791 1065 1852 ab

146 1874 289 1934 Aristione
307 1874 472 1933 Atheniensi
489 1871 640 1932 Mithridati
658 1872 757 1932 tradita
769 1882 823 1932 ost.
851 1871 969 1933 Miserat
986 1876 1065 1935 enim

146 1960 199 2018 iam
212 1958 246 2018 ad
255 1958 388 2017 Achaiam
400 1956 574 2016 Mithridates
583 1955 763 2032 Archelaum,
777 1957 878 2016 ducem
890 1976 981 2034 suum,
997 1977 1065 2019 oum

147 2051 258 2102 eentum
274 2051 302 2101 et
317 2044 417 2120 viginti
434 2041 545 2101 milibus
558 2042 683 2120 equitum
698 2059 732 2100 ae
748 2040 890 2118 peditum,
910 2059 1064 2120 perquem

147 2129 231 2186 etiam
247 2125 355 2205 reliqua
372 2125 490 2186 Graecia
508 2135 647 2204 occupata
665 2133 719 2184 est.
753 2123 833 2204 (IV.)
854 2124 932 2184 Sulla
950 2124 1063 2186 Arche·

146 2209 220 2270 laum
235 2210 310 2288 apud
316 2210 454 2286 Piraeum,
467 2227 524 2270 non
535 2210 620 2287 longe
632 2209 666 2268 ab
676 2208 805 2283 Athenis,
818 2208 941 2281 obsedit,
955 2210 1063 2287 ipsam·

147 2312 203 2370 qus
215 2295 311 2353 urhem
324 2297 410 2371 cepit.
440 2293 543 2354 Postea
556 2294 706 2352 commisso
719 2290 830 2369 proelio
844 2292 1062 2367 coutraArche·

146 2375 219 2435 laum
230 2379 268 2436 ita
280 2395 344 2436 eum
355 2379 438 2450 vicit,
459 2387 488 2437 ut
500 2396 536 2436 ex
547 2396 603 2437 cxx
613 2373 725 2434 milihus
740 2377 787 2435 vin
805 2375 904 2436 decem
915 2376 1063 2438 Archelao

147 2468 341 2537 superessent,
359 2479 395 2519 ex
406 2459 502 2519 Sullae
514 2461 640 2520 exercitu
652 2479 701 2518 xiv
712 2468 816 2519 tantum
828 2461 956 2520 homines
973 2462 1063 2521 inter·

147 2544 306 2602 licerentur.
334 2543 393 2602 Hac
410 2561 503 2621 pugna
517 2542 692 2603 Mithridates
708 2545 824 2621 cognita
845 2565 900 2604 nvn
921 2544 998 2604 milia
1018 2545 1063 2605 le-

147 2627 271 2686 ctissima
283 2645 320 2686 ex
331 2625 398 2686 Asia
408 2626 548 2687 Archelao
560 2628 644 2702 misit,
663 2636 760 2687 eontra
772 2645 856 2706 quem
868 2627 945 2689 Sulla
957 2629 1062 2689 iterum

148 2711 295 2770 commisit.
325 2709 416 2769 Primo
429 2712 540 2789 proelio
552 2729 590 2770 xv
600 2710 675 2770 milia
686 2711 808 2772 hostium
823 2712 971 2771 interiecta
983 2723 1062 2789 sunt,

147 2794 278 2872 illiusque
288 2792 421 2854 Archelai
435 2794 590 2873 Diogenes.
623 2795 754 2856 Secundo
774 2811 872 2855 omnes
890 2794 1062 2858 Mithridatis

147 2880 248 2956 copiae
267 2880 424 2939 exstinctae
446 2887 528 2956 sunt,
550 2878 708 2939 Archelaus
728 2881 793 2958 ipsa
814 2879 906 2939 triduo
923 2880 1013 2940 nudus
1032 2883 1063 2943 in

146 2961 295 3040 paludihns
314 2961 401 3024 latuit.
430 2961 490 3022 liae
504 2981 535 3023 re
553 2962 646 3023 audita
658 2962 833 3024 Mithridates
851 2982 914 3023 cum
926 2963 1005 3024 Sulla
1023 2964 1063 3026 de
1111 2999 1122 3009 =

146 3047 379 3125 paeeagiinssit.
997 3065 1000 3068 ’

216 3129 303 3192 (lan.
314 3127 377 3193 vll.
401 3128 515 3190 lnterim
527 3148 562 3191 eo
574 3140 703 3210 tempore
716 3131 793 3192 Sulla
805 3133 888 3192 etiam
899 3131 1060 3210 Dardanos,

150 3213 336 3291 Scordiscos,
355 3213 497 3275 Dalmatas
520 3224 548 3274 et
568 3214 687 3276 Maedos
710 3217 809 3294 partim
827 3217 910 3293 vicit,
937 3215 1010 3275 alios
1030 3218 1061 3277 in

150 3296 233 3358 iidem
244 3300 366 3377 aceepit.
396 3298 454 3359 Sed
466 3317 529 3358 enm
540 3299 737 3378 legatiarege
748 3299 923 3375 Mithridate,
948 3302 996 3379 qui
1010 3317 1060 3378 pa·
1088 3356 1091 3361 .

150 3397 214 3441 cem
228 3383 374 3460 petebant,
391 3386 547 3462 venissent,
559 3401 615 3444 nou
626 3383 708 3444 aliter
718 3403 752 3445 se
763 3384 889 3444 daturum
900 3384 977 3444 Sulla
990 3402 1059 3445 esse

976 3744 1120 3818 A
