2266 3832
159 227 265 275 mssa
284 227 511 276 uuuoamms.
534 211 680 277 XVIIII.
703 210 782 275 XX.
806 211 902 276 XXI.
991 216 1027 278 19

30 377 166 441 fratrem
191 397 285 442 suum
313 376 414 442 Cethe
500 375 626 466 ,quod
654 402 727 445 cum
754 381 894 446 Catilina
922 381 1029 444 coniu-

29 468 145 541 rasset,
167 469 268 524 morte
288 459 411 524 multan
434 485 488 526 um
507 465 641 528 censuit.
686 463 812 547 Tullius
828 463 951 544 Cicero,
974 464 1029 549 qui
1039 474 1071 526 13

28 541 64 689 {n
92 543 262 690 consitilatu
292 565 350 608 suo
380 542 539 610 Catilinae
573 547 826 612 coniurationem
855 549 1029 612 fortissime

48 646 202 711 ppressr.

44 835 128 901 XX.
172 834 253 917 QVI
274 835 361 902 PRO
380 839 546 904 POPVLI
564 840 741 905 ROMANI
760 839 933 904 SALVTE
958 838 1010 904 SE

375 936 685 1004 OPTVLERVNT.

114 1083 244 1149 Horatii
268 1086 445 1170 trigemini,
476 1088 531 1186 qui
556 1088 713 1153 adversus
743 1087 905 1153 Curiatios
929 1087 1053 1151 Alba-1

25 1188 146 1233 norum
168 1168 209 1233 de
235 1190 358 1233 summo
385 1171 521 1256 impemo
546 1171 789 1236 dimicavemmt.
833 1170 943 1252 Fabii,
973 1173 1053 1257 quio

24 1251 183 1334 trecenti,
211 1272 285 1316 oum
311 1273 421 1316 omnes
443 1255 598 1338 patriciae
619 1257 729 1340 stirpis
757 1263 880 1335 essent,
907 1254 1029 1318 bellum
1092 1310 1100 1323 ,

10 1334 154 1400 >Veiens
174 1334 381 1434 peculiariter
402 1337 465 1400 sibi
491 1338 756 1423 depoposcerunt.
800 1337 927 1402 Mucius
951 1337 1054 1409 Cor-3

26 1418 109 1501 dus,
138 1439 194 1503 qm
214 1417 345 1502 ignibus
371 1441 501 1484 manum
520 1422 682 1504 imposuit.
725 1421 880 1484 Horatius
904 1418 1055 1502 Cocleso

26 1503 86 1588 qui
95 1509 195 1601 ponte
206 1502 344 1565 rescisso
359 1502 486 1567 Tiberis
499 1513 640 1568 armatus
653 1506 783 1568 transiit
794 1514 920 1567 natans.
952 1503 1056 1572 Tre-5

25 1594 118 1650 contr
144 1583 206 1649 sub
235 1583 412 1670 Calpurnio
439 1587 586 1650 Flamma
613 1597 726 1652 contra
746 1587 889 1668 Poenos,
920 1587 975 1672 qui
996 1588 1031 1650 in

25 1666 195 1735 Siciliensi
217 1667 301 1733 saltu
320 1678 423 1734 morte
441 1692 499 1734 sua
517 1671 695 1735 exercitum
736 1671 825 1757 opuli
836 1670 974 1735 Romani
993 1669 1030 1733 li·

10 1751 245 1833 iteraverunt,
279 1760 315 1815 ut
339 1752 435 1837 plane
460 1763 677 1819 trecentorum
732 1754 1032 1819 acedaemoniorum

25 1835 118 1921 apud
139 1833 375 1981 Thermopglas
397 1836 534 1920 gloriam
555 1839 784 1921 adaequarent.
826 1837 903 1901 Duo
924 1836 1057 1917 Decii,o

322 1919 409 1982 atino
430 1919 531 2004 bello,
561 1921 644 1985 alter
665 1921 840 1986 Samnitico
862 1920 913 1983 dis
932 1920 1032 1982 mani-

25 1936 168 2066 ffimm
189 1918 272 1983 alter

114 2023 151 2064 se
171 2000 384 2066 devoverunt.
417 2003 539 2069 Fabius
560 2004 723 2091 pontifex,
746 2005 801 2090 qui
821 2002 902 2068 urbe
922 2025 942 2065 a
955 2001 1056 2065 Gal-7

25 2082 74 2149 lis
98 2083 283 2149 Senonibus
308 2087 443 2149 incensa
463 2109 498 2151 se
523 2087 667 2173 aliosque
689 2109 782 2151 senes
811 2087 861 2151 dis
883 2084 1032 2148 manibus

10 2166 175 2237 »devovit
217 2168 377 2254 Regulus,
400 2171 455 2254 qui
466 2180 625 2234 tormenta
639 2169 955 2254 Carthaginiensium
966 2181 1058 2231 ma·8

25 2250 92 2317 luit
107 2253 192 2338 pati,
215 2274 311 2338 quam
331 2262 368 2315 ut
388 2253 512 2318 inutilis
526 2276 593 2339 pax
614 2274 686 2316 cum
708 2255 754 2317 eis
776 2253 867 2316 fieret
888 2259 943 2314 aut
963 2250 1033 2334 ipse

25 2334 111 2401 iuria
136 2335 268 2400 iurandi
289 2335 387 2399 fidem
414 2335 552 2400 falleret.
598 2336 745 2417 Curtius,
775 2337 831 2422 qui
853 2356 887 2399 se
907 2335 942 2396 in
963 2332 1058 2398 hia-9

25 2426 99 2485 tum
125 2427 233 2485 terrae
258 2419 405 2500 immisit,
437 2441 509 2482 cum
535 2441 577 2484 ex
606 2418 735 2483 oraculo
764 2419 851 2504 quod
878 2417 1034 2503 optimum

26 2510 119 2571 esset
139 2503 175 2569 in
194 2501 276 2567 urbe
288 2502 435 2566 Romana
478 2512 650 2568 osceretur.
684 2500 819 2588 Spurius
831 2500 1026 2579 Postumius,
1039 2517 1070 2568 10

10 2587 88 2673 *qui
105 2606 127 2650 a
146 2586 265 2650 Pontio
278 2585 430 2650 Telesino
445 2524 624 2653 Camnitum
645 2585 726 2650 duce
747 2584 806 2650 sub
826 2587 940 2668 iugum
960 2583 1034 2644 mis-

26 2688 85 2733 sus
107 2691 183 2733 oum
201 2670 348 2734 exercitu
368 2677 480 2732 auctor
497 2669 560 2733 fuit
580 2668 751 2755 rumpendi
772 2667 913 2733 foederis
936 2687 970 2728 se
994 2686 1035 2727 ue

25 2750 178 2817 hostibus
206 2754 333 2818 censuit
361 2773 433 2815 esse
462 2751 654 2816 dedendum.
700 2751 861 2816 Caecilius
883 2688 1075 2818 Metellusn

10 2830 195 2923 'pntifex
217 2844 270 2916 qui
286 2858 327 2900 ex
345 2835 479 2900 ardente
500 2836 619 2921 templo
634 2835 755 2899 Vestae
775 2832 959 2898 Palladium
980 2853 1035 2895 ex-

25 2916 105 2985 tulit
125 2928 158 2984 et
180 2919 291 2986 oculos
313 2919 432 2984 amisit.

10 3146 20 3189 o
61 3127 162 3195 XXI.
207 3130 288 3214 QVI
309 3129 472 3198 SPOLIA
493 3127 636 3194 OPIMA
656 3125 1000 3192 RETTVLERVNT.

111 3281 268 3352 Romulus
292 3287 332 3352 de
350 3287 483 3351 Acrone
506 3279 757 3345 Caeninensium
779 3299 867 3362 rege.
914 3275 1036 3341 Cossus

25 3364 201 3435 Cornelius
216 3371 256 3436 de
262 3371 364 3436 Larte
373 3365 547 3433 Tolumnio
560 3363 746 3427 Veientium
759 3382 847 3444 rege.
877 3357 1035 3424 Claudius

24 3448 205 3517 Marcellus
227 3453 269 3518 de
288 3453 500 3519 Viridomaro
520 3467 599 3530 rege
622 3444 802 3586 Gallorum,
814 3525 832 3561 *
