<?xml version="1.0" encoding="UTF-8"?>
<!DOCTYPE html PUBLIC "-//W3C//DTD XHTML 1.0 Transitional//EN"
    "http://www.w3.org/TR/xhtml1/DTD/xhtml1-transitional.dtd">
<html xmlns="http://www.w3.org/1999/xhtml" xml:lang="en" lang="en">
 <head>
  <title>
</title>
<meta http-equiv="Content-Type" content="text/html;charset=utf-8" />
  <meta name='ocr-system' content='tesseract 3.04.00' />
  <meta name='ocr-capabilities' content='ocr_page ocr_carea ocr_par ocr_line ocrx_word'/>
</head>
<body>
  <div class='ocr_page' id='page_1' title='image "./eutropiibreviar01crugoog_0071.png"; bbox 0 0 2266 3832; ppageno 0'>
   <div class='ocr_carea' id='block_1_1' title="bbox 202 188 764 250">
    <p class='ocr_par' dir='ltr' id='par_1_1' title="bbox 202 188 764 250">
     <span class='ocr_line' id='line_1_1' title="bbox 202 188 764 250; baseline -0.005 0"><span class='ocrx_word' id='word_1_1' title='bbox 202 188 244 250; x_wconf 74' lang='lat'><strong>56</strong></span> <span class='ocrx_word' id='word_1_2' title='bbox 547 191 764 248; x_wconf 77' lang='lat' dir='ltr'><strong>El&#39;lllDPll</strong></span> 
     </span>
    </p>
   </div>
   <div class='ocr_carea' id='block_1_2' title="bbox 199 355 1130 3451">
    <p class='ocr_par' dir='ltr' id='par_1_2' title="bbox 203 355 1130 603">
     <span class='ocr_line' id='line_1_2' title="bbox 203 355 1130 433; baseline 0.001 -16"><span class='ocrx_word' id='word_1_3' title='bbox 203 376 274 417; x_wconf 82' lang='lat' dir='ltr'><strong>nnus</strong></span> <span class='ocrx_word' id='word_1_4' title='bbox 295 366 410 418; x_wconf 85' lang='lat' dir='ltr'><strong>senator</strong></span> <span class='ocrx_word' id='word_1_5' title='bbox 430 355 573 414; x_wconf 84' lang='lat' dir='ltr'><strong>damnatus</strong></span> <span class='ocrx_word' id='word_1_6' title='bbox 589 357 637 431; x_wconf 84' lang='lat' dir='ltr'><strong>sit,</strong></span> <span class='ocrx_word' id='word_1_7' title='bbox 659 365 745 433; x_wconf 84' lang='lat' dir='ltr'><strong>atque</strong></span> <span class='ocrx_word' id='word_1_8' title='bbox 760 357 785 413; x_wconf 87' lang='lat' dir='ltr'><strong>is</strong></span> <span class='ocrx_word' id='word_1_9' title='bbox 803 362 897 413; x_wconf 74' lang='lat' dir='ltr'><strong>umen</strong></span> <span class='ocrx_word' id='word_1_10' title='bbox 921 373 978 432; x_wconf 91' lang='lat' dir='ltr'><strong>per</strong></span> <span class='ocrx_word' id='word_1_11' title='bbox 996 367 1130 418; x_wconf 70' lang='lat' dir='ltr'><strong>emta·</strong></span> 
     </span>
     <span class='ocr_line' id='line_1_3' title="bbox 204 438 1130 520; baseline 0.002 -21"><span class='ocrx_word' id='word_1_12' title='bbox 204 444 349 520; x_wconf 71' lang='lat' dir='ltr'>ignorante</span> <span class='ocrx_word' id='word_1_13' title='bbox 374 438 503 498; x_wconf 84' lang='lat' dir='ltr'><strong>Traiano.</strong></span> <span class='ocrx_word' id='word_1_14' title='bbox 545 438 590 498; x_wconf 90' lang='lat' dir='ltr'><strong>Db</strong></span> <span class='ocrx_word' id='word_1_15' title='bbox 610 440 683 498; x_wconf 87' lang='lat' dir='ltr'><strong>baec</strong></span> <span class='ocrx_word' id='word_1_16' title='bbox 704 457 758 516; x_wconf 86' lang='lat' dir='ltr'><strong>per</strong></span> <span class='ocrx_word' id='word_1_17' title='bbox 776 439 875 497; x_wconf 82' lang='lat' dir='ltr'><strong>orbem</strong></span> <span class='ocrx_word' id='word_1_18' title='bbox 894 447 1043 500; x_wconf 76' lang='lat' dir='ltr'><strong>terrarum</strong></span> <span class='ocrx_word' id='word_1_19' title='bbox 1063 441 1130 501; x_wconf 80' lang='lat' dir='ltr'><strong>Deo</strong></span> 
     </span>
     <span class='ocr_line' id='line_1_4' title="bbox 205 522 1128 603; baseline 0.001 -19"><span class='ocrx_word' id='word_1_20' title='bbox 205 527 350 603; x_wconf 80' lang='lat' dir='ltr'><strong>proximus</strong></span> <span class='ocrx_word' id='word_1_21' title='bbox 359 522 426 582; x_wconf 89' lang='lat' dir='ltr'><strong>nibil</strong></span> <span class='ocrx_word' id='word_1_22' title='bbox 439 539 494 581; x_wconf 90' lang='lat' dir='ltr'><strong>uon</strong></span> <span class='ocrx_word' id='word_1_23' title='bbox 505 524 802 582; x_wconf 82' lang='lat' dir='ltr'><strong>venerationismeruit</strong></span> <span class='ocrx_word' id='word_1_24' title='bbox 811 524 930 581; x_wconf 84' lang='lat' dir='ltr'><strong>etrirus</strong></span> <span class='ocrx_word' id='word_1_25' title='bbox 940 532 972 582; x_wconf 89' lang='lat' dir='ltr'><strong>et</strong></span> <span class='ocrx_word' id='word_1_26' title='bbox 981 535 1128 585; x_wconf 75' lang='lat' dir='ltr'><strong>mortuas.</strong></span> 
     </span>
    </p>

    <p class='ocr_par' dir='ltr' id='par_1_3' title="bbox 201 604 1128 1941">
     <span class='ocr_line' id='line_1_5' title="bbox 266 604 1128 687; baseline -0.002 -20"><span class='ocrx_word' id='word_1_27' title='bbox 266 608 353 667; x_wconf 80' lang='lat' dir='ltr'><strong>Car.</strong></span> <span class='ocrx_word' id='word_1_28' title='bbox 364 607 398 665; x_wconf 89' lang='lat' dir='ltr'><strong>V.</strong></span> <span class='ocrx_word' id='word_1_29' title='bbox 428 605 505 666; x_wconf 90' lang='lat' dir='ltr'><strong>luter</strong></span> <span class='ocrx_word' id='word_1_30' title='bbox 518 604 573 666; x_wconf 88' lang='lat' dir='ltr'><strong>alia</strong></span> <span class='ocrx_word' id='word_1_31' title='bbox 587 607 662 666; x_wconf 88' lang='lat' dir='ltr'><strong>dicta</strong></span> <span class='ocrx_word' id='word_1_32' title='bbox 675 608 733 666; x_wconf 86' lang='lat' dir='ltr'><strong>boe</strong></span> <span class='ocrx_word' id='word_1_33' title='bbox 747 608 839 684; x_wconf 84' lang='lat' dir='ltr'><strong>ipsius</strong></span> <span class='ocrx_word' id='word_1_34' title='bbox 852 605 945 665; x_wconf 85' lang='lat' dir='ltr'><strong>lertur</strong></span> <span class='ocrx_word' id='word_1_35' title='bbox 957 611 1128 687; x_wconf 74' lang='lat' dir='ltr'><strong>egregium</strong></span> 
     </span>
     <span class='ocr_line' id='line_1_6' title="bbox 201 689 1128 769; baseline 0.001 -18"><span class='ocrx_word' id='word_1_36' title='bbox 201 692 309 752; x_wconf 78' lang='lat' dir='ltr'><strong>Amicis</strong></span> <span class='ocrx_word' id='word_1_37' title='bbox 325 693 398 751; x_wconf 89' lang='lat' dir='ltr'><strong>enim</strong></span> <span class='ocrx_word' id='word_1_38' title='bbox 408 689 596 768; x_wconf 76' lang='lat' dir='ltr'><strong>culpantibus,</strong></span> <span class='ocrx_word' id='word_1_39' title='bbox 608 690 685 769; x_wconf 84' lang='lat' dir='ltr'><strong>quod</strong></span> <span class='ocrx_word' id='word_1_40' title='bbox 694 693 778 750; x_wconf 86' lang='lat' dir='ltr'><strong>nimis</strong></span> <span class='ocrx_word' id='word_1_41' title='bbox 790 692 867 749; x_wconf 82' lang='lat' dir='ltr'><strong>eirca</strong></span> <span class='ocrx_word' id='word_1_42' title='bbox 877 706 981 750; x_wconf 86' lang='lat' dir='ltr'><strong>omnes</strong></span> <span class='ocrx_word' id='word_1_43' title='bbox 994 709 1128 752; x_wconf 80' lang='lat' dir='ltr'><strong>commu·</strong></span> 
     </span>
     <span class='ocr_line' id='line_1_7' title="bbox 203 773 1125 855; baseline 0.003 -19"><span class='ocrx_word' id='word_1_44' title='bbox 203 776 247 836; x_wconf 82' lang='lat' dir='ltr'><strong>nis</strong></span> <span class='ocrx_word' id='word_1_45' title='bbox 265 784 359 852; x_wconf 85' lang='lat' dir='ltr'><strong>esset,</strong></span> <span class='ocrx_word' id='word_1_46' title='bbox 376 773 525 852; x_wconf 89' lang='lat' dir='ltr'><strong>respondit</strong></span> <span class='ocrx_word' id='word_1_47' title='bbox 544 777 636 836; x_wconf 83' lang='lat' dir='ltr'><strong>telem</strong></span> <span class='ocrx_word' id='word_1_48' title='bbox 648 794 684 836; x_wconf 78' lang='lat' dir='ltr'><strong>se</strong></span> <span class='ocrx_word' id='word_1_49' title='bbox 696 776 914 853; x_wconf 79' lang='lat' dir='ltr'><strong>imperatoreos</strong></span> <span class='ocrx_word' id='word_1_50' title='bbox 926 778 1125 855; x_wconf 58' lang='grc' dir='ltr'><strong>καρώσ-</strong></span> 
     </span>
     <span class='ocr_line' id='line_1_8' title="bbox 204 860 1125 937; baseline 0 -18"><span class='ocrx_word' id='word_1_51' title='bbox 204 862 251 935; x_wconf 83' lang='lat' dir='ltr'><strong>ts&#39;s,</strong></span> <span class='ocrx_word' id='word_1_52' title='bbox 276 862 383 937; x_wconf 81' lang='lat' dir='ltr'><strong>pectes</strong></span> <span class='ocrx_word' id='word_1_53' title='bbox 407 877 474 921; x_wconf 78' lang='lat' dir='ltr'><strong>esse</strong></span> <span class='ocrx_word' id='word_1_54' title='bbox 494 860 554 919; x_wconf 81' lang='lat' dir='ltr'><strong>sibi</strong></span> <span class='ocrx_word' id='word_1_55' title='bbox 575 860 946 937; x_wconf 71' lang='lat' dir='ltr'><strong>insperatoree-prr&#39;eotcs</strong></span> <span class='ocrx_word' id='word_1_56' title='bbox 971 869 1125 937; x_wconf 76' lang='lat' dir='ltr'><strong>optasset.</strong></span> 
     </span>
     <span class='ocr_line' id='line_1_9' title="bbox 206 940 1126 1021; baseline 0.001 -18"><span class='ocrx_word' id='word_1_57' title='bbox 206 942 272 1003; x_wconf 87' lang='lat' dir='ltr'><strong>l&#39;ost</strong></span> <span class='ocrx_word' id='word_1_58' title='bbox 290 944 434 1021; x_wconf 75' lang='lat' dir='ltr'><strong>ingentem</strong></span> <span class='ocrx_word' id='word_1_59' title='bbox 456 944 542 1019; x_wconf 80' lang='lat' dir='ltr'><strong>igitur</strong></span> <span class='ocrx_word' id='word_1_60' title='bbox 560 941 679 1020; x_wconf 77' lang='lat' dir='ltr'>gloriam</span> <span class='ocrx_word' id='word_1_61' title='bbox 694 941 763 1002; x_wconf 92' lang='lat' dir='ltr'><strong>belli</strong></span> <span class='ocrx_word' id='word_1_62' title='bbox 776 940 911 1019; x_wconf 76' lang='lat' dir='ltr'>domique</span> <span class='ocrx_word' id='word_1_63' title='bbox 924 945 1094 1020; x_wconf 62' lang='lat' dir='ltr'><strong>poenitum</strong></span> <span class='ocrx_word' id='word_1_64' title='bbox 1108 962 1126 1003; x_wconf 97' lang='lat' dir='ltr'><strong>e</strong></span> 
     </span>
     <span class='ocr_line' id='line_1_10' title="bbox 205 1024 1124 1104; baseline 0 -17"><span class='ocrx_word' id='word_1_65' title='bbox 205 1026 320 1088; x_wconf 84' lang='lat' dir='ltr'><strong>l&#39;erside</strong></span> <span class='ocrx_word' id='word_1_66' title='bbox 335 1026 449 1086; x_wconf 90' lang='lat' dir='ltr'><strong>rediens</strong></span> <span class='ocrx_word' id='word_1_67' title='bbox 461 1026 534 1104; x_wconf 90' lang='lat' dir='ltr'><strong>apud</strong></span> <span class='ocrx_word' id='word_1_68' title='bbox 546 1025 705 1085; x_wconf 83' lang='lat' dir='ltr'><strong>Seleuciam</strong></span> <span class='ocrx_word' id='word_1_69' title='bbox 714 1024 840 1086; x_wconf 75' lang='lat' dir='ltr'><strong>Isauriae</strong></span> <span class='ocrx_word' id='word_1_70' title='bbox 850 1025 994 1103; x_wconf 77' lang='lat' dir='ltr'><strong>profluvio</strong></span> <span class='ocrx_word' id='word_1_71' title='bbox 1011 1030 1124 1087; x_wconf 78' lang='lat' dir='ltr'><strong>ventris</strong></span> 
     </span>
     <span class='ocr_line' id='line_1_11' title="bbox 203 1109 1126 1172; baseline 0 -1"><span class='ocrx_word' id='word_1_72' title='bbox 203 1112 358 1172; x_wconf 80' lang='lat' dir='ltr'><strong>exstinctus</strong></span> <span class='ocrx_word' id='word_1_73' title='bbox 370 1118 424 1169; x_wconf 88' lang='lat' dir='ltr'><strong>est.</strong></span> <span class='ocrx_word' id='word_1_74' title='bbox 447 1109 524 1169; x_wconf 88' lang='lat' dir='ltr'><strong>Obiit</strong></span> <span class='ocrx_word' id='word_1_75' title='bbox 535 1118 626 1169; x_wconf 90' lang='lat' dir='ltr'><strong>autem</strong></span> <span class='ocrx_word' id='word_1_76' title='bbox 637 1111 738 1169; x_wconf 85' lang='lat' dir='ltr'><strong>aetatis</strong></span> <span class='ocrx_word' id='word_1_77' title='bbox 748 1127 821 1170; x_wconf 86' lang='lat' dir='ltr'><strong>anuo</strong></span> <span class='ocrx_word' id='word_1_78' title='bbox 834 1129 917 1170; x_wconf 83' lang='lat' dir='ltr'><strong>nmr.</strong></span> <span class='ocrx_word' id='word_1_79' title='bbox 928 1128 1035 1169; x_wconf 86' lang='lat' dir='ltr'><strong>mense</strong></span> <span class='ocrx_word' id='word_1_80' title='bbox 1046 1128 1126 1171; x_wconf 84' lang='lat' dir='ltr'><strong>nono</strong></span> 
     </span>
     <span class='ocr_line' id='line_1_12' title="bbox 204 1192 1125 1274; baseline 0 -19"><span class='ocrx_word' id='word_1_81' title='bbox 204 1204 232 1255; x_wconf 91' lang='lat' dir='ltr'><strong>et</strong></span> <span class='ocrx_word' id='word_1_82' title='bbox 243 1195 289 1255; x_wconf 90' lang='lat' dir='ltr'><strong>die</strong></span> <span class='ocrx_word' id='word_1_83' title='bbox 306 1203 416 1274; x_wconf 72' lang='lat' dir='ltr'><strong>quomo,</strong></span> <span class='ocrx_word' id='word_1_84' title='bbox 429 1195 539 1271; x_wconf 88' lang='lat' dir='ltr'><strong>imperii</strong></span> <span class='ocrx_word' id='word_1_85' title='bbox 553 1211 724 1256; x_wconf 68' lang='lat' dir='ltr'><strong>crumenae</strong></span> <span class='ocrx_word' id='word_1_86' title='bbox 740 1214 780 1254; x_wconf 86' lang='lat' dir='ltr'><strong>rr.</strong></span> <span class='ocrx_word' id='word_1_87' title='bbox 794 1192 841 1252; x_wconf 90' lang='lat' dir='ltr'><strong>die</strong></span> <span class='ocrx_word' id='word_1_88' title='bbox 856 1214 903 1253; x_wconf 87' lang='lat' dir='ltr'><strong>xr.</strong></span> <span class='ocrx_word' id='word_1_89' title='bbox 932 1192 1015 1254; x_wconf 88' lang='lat' dir='ltr'><strong>luter</strong></span> <span class='ocrx_word' id='word_1_90' title='bbox 1027 1193 1125 1255; x_wconf 84' lang='lat' dir='ltr'><strong>Divos</strong></span> 
     </span>
     <span class='ocr_line' id='line_1_13' title="bbox 204 1275 1123 1358; baseline 0 -19"><span class='ocrx_word' id='word_1_91' title='bbox 204 1278 307 1339; x_wconf 89' lang='lat' dir='ltr'><strong>relatus</strong></span> <span class='ocrx_word' id='word_1_92' title='bbox 324 1286 368 1338; x_wconf 91' lang='lat' dir='ltr'><strong>est</strong></span> <span class='ocrx_word' id='word_1_93' title='bbox 379 1275 517 1358; x_wconf 87' lang='lat' dir='ltr'><strong>solusque</strong></span> <span class='ocrx_word' id='word_1_94' title='bbox 528 1279 650 1337; x_wconf 89' lang='lat' dir='ltr'><strong>omnium</strong></span> <span class='ocrx_word' id='word_1_95' title='bbox 665 1280 736 1337; x_wconf 89' lang='lat' dir='ltr'><strong>intra</strong></span> <span class='ocrx_word' id='word_1_96' title='bbox 751 1277 849 1336; x_wconf 92' lang='lat' dir='ltr'><strong>urbem</strong></span> <span class='ocrx_word' id='word_1_97' title='bbox 864 1276 1006 1355; x_wconf 87' lang='lat' dir='ltr'><strong>sepultus.</strong></span> <span class='ocrx_word' id='word_1_98' title='bbox 1047 1277 1123 1339; x_wconf 84' lang='lat' dir='ltr'><strong>Desa</strong></span> 
     </span>
     <span class='ocr_line' id='line_1_14' title="bbox 204 1360 1123 1440; baseline -0.001 -16"><span class='ocrx_word' id='word_1_99' title='bbox 204 1365 266 1424; x_wconf 92' lang='lat' dir='ltr'><strong>elus</strong></span> <span class='ocrx_word' id='word_1_100' title='bbox 278 1361 417 1424; x_wconf 89' lang='lat' dir='ltr'><strong>collocata</strong></span> <span class='ocrx_word' id='word_1_101' title='bbox 430 1364 457 1422; x_wconf 92' lang='lat' dir='ltr'><strong>in</strong></span> <span class='ocrx_word' id='word_1_102' title='bbox 472 1381 540 1421; x_wconf 89' lang='lat' dir='ltr'><strong>urna</strong></span> <span class='ocrx_word' id='word_1_103' title='bbox 558 1379 642 1421; x_wconf 90' lang='lat' dir='ltr'><strong>aurea</strong></span> <span class='ocrx_word' id='word_1_104' title='bbox 654 1363 683 1421; x_wconf 92' lang='lat' dir='ltr'><strong>in</strong></span> <span class='ocrx_word' id='word_1_105' title='bbox 696 1361 772 1437; x_wconf 89' lang='lat' dir='ltr'><strong>loro,</strong></span> <span class='ocrx_word' id='word_1_106' title='bbox 788 1360 865 1440; x_wconf 84' lang='lat' dir='ltr'><strong>quod</strong></span> <span class='ocrx_word' id='word_1_107' title='bbox 875 1361 1054 1439; x_wconf 86' lang='lat' dir='ltr'><strong>aediiicarit,</strong></span> <span class='ocrx_word' id='word_1_108' title='bbox 1068 1364 1123 1423; x_wconf 86' lang='lat' dir='ltr'><strong>sub</strong></span> 
     </span>
     <span class='ocr_line' id='line_1_15' title="bbox 202 1444 1123 1522; baseline -0.001 -15"><span class='ocrx_word' id='word_1_109' title='bbox 202 1446 332 1507; x_wconf 83' lang='lat' dir='ltr'><strong>columna</strong></span> <span class='ocrx_word' id='word_1_110' title='bbox 344 1448 396 1507; x_wconf 88' lang='lat' dir='ltr'><strong>situ</strong></span> <span class='ocrx_word' id='word_1_111' title='bbox 409 1455 483 1521; x_wconf 88' lang='lat' dir='ltr'><strong>suut,</strong></span> <span class='ocrx_word' id='word_1_112' title='bbox 504 1446 584 1505; x_wconf 91' lang='lat' dir='ltr'><strong>cuius</strong></span> <span class='ocrx_word' id='word_1_113' title='bbox 595 1445 712 1505; x_wconf 78' lang='lat' dir='ltr'><strong>altitudo</strong></span> <span class='ocrx_word' id='word_1_114' title='bbox 726 1465 811 1506; x_wconf 78' lang='lat' dir='ltr'><strong>exuar</strong></span> <span class='ocrx_word' id='word_1_115' title='bbox 823 1444 913 1522; x_wconf 90' lang='lat' dir='ltr'><strong>pedes</strong></span> <span class='ocrx_word' id='word_1_116' title='bbox 927 1445 1027 1505; x_wconf 85' lang='lat' dir='ltr'><strong>babet.</strong></span> <span class='ocrx_word' id='word_1_117' title='bbox 1064 1445 1123 1506; x_wconf 84' lang='lat' dir='ltr'><strong>llu-</strong></span> 
     </span>
     <span class='ocr_line' id='line_1_16' title="bbox 202 1527 1123 1608; baseline -0.001 -17"><span class='ocrx_word' id='word_1_118' title='bbox 202 1533 245 1591; x_wconf 90' lang='lat' dir='ltr'><strong>ius</strong></span> <span class='ocrx_word' id='word_1_119' title='bbox 268 1538 371 1590; x_wconf 90' lang='lat' dir='ltr'><strong>tantum</strong></span> <span class='ocrx_word' id='word_1_120' title='bbox 393 1530 545 1588; x_wconf 81' lang='lat' dir='ltr'>memoriae</span> <span class='ocrx_word' id='word_1_121' title='bbox 563 1527 683 1587; x_wconf 88' lang='lat' dir='ltr'><strong>delatum</strong></span> <span class='ocrx_word' id='word_1_122' title='bbox 698 1534 757 1601; x_wconf 87' lang='lat' dir='ltr'><strong>est,</strong></span> <span class='ocrx_word' id='word_1_123' title='bbox 781 1537 918 1608; x_wconf 84' lang='lat' dir='ltr'><strong>utusque</strong></span> <span class='ocrx_word' id='word_1_124' title='bbox 938 1529 976 1588; x_wconf 87' lang='lat' dir='ltr'><strong>ad</strong></span> <span class='ocrx_word' id='word_1_125' title='bbox 991 1539 1123 1590; x_wconf 82' lang='lat' dir='ltr'><strong>nostrum</strong></span> 
     </span>
     <span class='ocr_line' id='line_1_17' title="bbox 201 1611 1121 1691; baseline -0.001 -16"><span class='ocrx_word' id='word_1_126' title='bbox 201 1621 320 1675; x_wconf 84' lang='lat' dir='ltr'><strong>oetatem</strong></span> <span class='ocrx_word' id='word_1_127' title='bbox 332 1627 388 1672; x_wconf 90' lang='lat' dir='ltr'><strong>uon</strong></span> <span class='ocrx_word' id='word_1_128' title='bbox 404 1611 485 1672; x_wconf 88' lang='lat' dir='ltr'><strong>aliter</strong></span> <span class='ocrx_word' id='word_1_129' title='bbox 503 1613 530 1672; x_wconf 91' lang='lat' dir='ltr'><strong>in</strong></span> <span class='ocrx_word' id='word_1_130' title='bbox 549 1621 647 1672; x_wconf 89' lang='lat' dir='ltr'><strong>seuutu</strong></span> <span class='ocrx_word' id='word_1_131' title='bbox 659 1613 834 1691; x_wconf 88' lang='lat' dir='ltr'><strong>principibus</strong></span> <span class='ocrx_word' id='word_1_132' title='bbox 850 1612 1034 1689; x_wconf 80' lang='lat' dir='ltr'><strong>acclametur,</strong></span> <span class='ocrx_word' id='word_1_133' title='bbox 1047 1615 1121 1674; x_wconf 85' lang='lat' dir='ltr'><strong>nisi·</strong></span> 
     </span>
     <span class='ocr_line' id='line_1_18' title="bbox 204 1692 1122 1775; baseline 0.002 -19"><span class='ocrx_word' id='word_1_134' title='bbox 204 1692 493 1774; x_wconf 79' lang='lat' dir='ltr'><strong>i&#39;clicieerposto,</strong></span> <span class='ocrx_word' id='word_1_135' title='bbox 516 1693 626 1759; x_wconf 82' lang='lat' dir='ltr'><strong>Melior</strong></span> <span class='ocrx_word' id='word_1_136' title='bbox 647 1695 792 1757; x_wconf 80' lang='lat' dir='ltr'><strong>Traiano.</strong></span> <span class='ocrx_word' id='word_1_137' title='bbox 817 1696 897 1756; x_wconf 82' lang='lat' dir='ltr'><strong>Adeo</strong></span> <span class='ocrx_word' id='word_1_138' title='bbox 920 1698 948 1755; x_wconf 89' lang='lat' dir='ltr'><strong>iu</strong></span> <span class='ocrx_word' id='word_1_139' title='bbox 964 1714 1003 1756; x_wconf 94' lang='lat' dir='ltr'><strong>eo</strong></span> <span class='ocrx_word' id='word_1_140' title='bbox 1023 1697 1122 1775; x_wconf 78' lang='lat' dir='ltr'><strong>gloria</strong></span> 
     </span>
     <span class='ocr_line' id='line_1_19' title="bbox 202 1779 1120 1857; baseline 0 -15"><span class='ocrx_word' id='word_1_141' title='bbox 202 1780 333 1842; x_wconf 90' lang='lat' dir='ltr'><strong>bonitatis</strong></span> <span class='ocrx_word' id='word_1_142' title='bbox 346 1779 481 1857; x_wconf 89' lang='lat' dir='ltr'><strong>obtinuit,</strong></span> <span class='ocrx_word' id='word_1_143' title='bbox 505 1787 535 1839; x_wconf 88' lang='lat' dir='ltr'><strong>ut</strong></span> <span class='ocrx_word' id='word_1_144' title='bbox 550 1779 597 1839; x_wconf 87' lang='lat' dir='ltr'><strong>vel</strong></span> <span class='ocrx_word' id='word_1_145' title='bbox 611 1780 818 1840; x_wconf 81' lang='lat' dir='ltr'><strong>assentantibus</strong></span> <span class='ocrx_word' id='word_1_146' title='bbox 834 1780 881 1840; x_wconf 84' lang='lat' dir='ltr'><strong>vel</strong></span> <span class='ocrx_word' id='word_1_147' title='bbox 896 1798 965 1839; x_wconf 87' lang='lat' dir='ltr'><strong>vere</strong></span> <span class='ocrx_word' id='word_1_148' title='bbox 978 1779 1120 1842; x_wconf 86' lang='lat' dir='ltr'><strong>laudanti·</strong></span> 
     </span>
     <span class='ocr_line' id='line_1_20' title="bbox 203 1862 1010 1941; baseline 0 -17"><span class='ocrx_word' id='word_1_149' title='bbox 203 1864 254 1925; x_wconf 90' lang='lat' dir='ltr'><strong>bus</strong></span> <span class='ocrx_word' id='word_1_150' title='bbox 266 1866 447 1924; x_wconf 84' lang='lat' dir='ltr'><strong>occasionem</strong></span> <span class='ocrx_word' id='word_1_151' title='bbox 459 1863 726 1941; x_wconf 78' lang='lat' dir='ltr'><strong>magnificentissimi</strong></span> <span class='ocrx_word' id='word_1_152' title='bbox 739 1872 864 1941; x_wconf 87' lang='lat' dir='ltr'><strong>praestet</strong></span> <span class='ocrx_word' id='word_1_153' title='bbox 875 1862 1010 1941; x_wconf 85' lang='lat' dir='ltr'><strong>exempli.</strong></span> 
     </span>
    </p>

    <p class='ocr_par' dir='ltr' id='par_1_4' title="bbox 200 1945 1120 3099">
     <span class='ocr_line' id='line_1_21' title="bbox 266 1945 1120 2027; baseline 0.002 -20"><span class='ocrx_word' id='word_1_154' title='bbox 266 1948 355 2009; x_wconf 81' lang='lat' dir='ltr'><strong>(lar.</strong></span> <span class='ocrx_word' id='word_1_155' title='bbox 372 1945 518 2027; x_wconf 84' lang='lat' dir='ltr'><strong>vt.(1tt.)</strong></span> <span class='ocrx_word' id='word_1_156' title='bbox 551 1948 693 2009; x_wconf 82' lang='lat' dir='ltr'><strong>Defuncto</strong></span> <span class='ocrx_word' id='word_1_157' title='bbox 706 1946 826 2008; x_wconf 84' lang='lat' dir='ltr'><strong>&#39;lraiano</strong></span> <span class='ocrx_word' id='word_1_158' title='bbox 842 1947 942 2007; x_wconf 78' lang='lat' dir='ltr'><strong>Aelius</strong></span> <span class='ocrx_word' id='word_1_159' title='bbox 956 1947 1120 2009; x_wconf 85' lang='lat' dir='ltr'><strong>Hadrianus</strong></span> 
     </span>
     <span class='ocr_line' id='line_1_22' title="bbox 202 2030 1118 2112; baseline -0.001 -19"><span class='ocrx_word' id='word_1_160' title='bbox 202 2043 313 2094; x_wconf 84' lang='lat' dir='ltr'><strong>creatus</strong></span> <span class='ocrx_word' id='word_1_161' title='bbox 325 2041 369 2093; x_wconf 91' lang='lat' dir='ltr'><strong>est</strong></span> <span class='ocrx_word' id='word_1_162' title='bbox 381 2034 525 2111; x_wconf 87' lang='lat' dir='ltr'><strong>princeps,</strong></span> <span class='ocrx_word' id='word_1_163' title='bbox 539 2035 600 2092; x_wconf 87' lang='lat' dir='ltr'><strong>sine</strong></span> <span class='ocrx_word' id='word_1_164' title='bbox 610 2032 703 2112; x_wconf 90' lang='lat' dir='ltr'><strong>aliqua</strong></span> <span class='ocrx_word' id='word_1_165' title='bbox 715 2032 828 2110; x_wconf 90' lang='lat' dir='ltr'><strong>quidem</strong></span> <span class='ocrx_word' id='word_1_166' title='bbox 839 2031 982 2091; x_wconf 84' lang='lat' dir='ltr'><strong>voluntate</strong></span> <span class='ocrx_word' id='word_1_167' title='bbox 990 2030 1118 2110; x_wconf 64' lang='lat' dir='ltr'><strong>lbaiani,</strong></span> 
     </span>
     <span class='ocr_line' id='line_1_23' title="bbox 202 2114 1119 2197; baseline 0 -20"><span class='ocrx_word' id='word_1_168' title='bbox 202 2117 254 2179; x_wconf 82' lang='lat' dir='ltr'><strong>nod</strong></span> <span class='ocrx_word' id='word_1_169' title='bbox 265 2133 381 2197; x_wconf 90' lang='lat' dir='ltr'><strong>oporam</strong></span> <span class='ocrx_word' id='word_1_170' title='bbox 394 2117 476 2178; x_wconf 89' lang='lat' dir='ltr'><strong>dante</strong></span> <span class='ocrx_word' id='word_1_171' title='bbox 486 2117 610 2192; x_wconf 88' lang='lat' dir='ltr'><strong>Plotina,</strong></span> <span class='ocrx_word' id='word_1_172' title='bbox 629 2116 738 2177; x_wconf 87' lang='lat' dir='ltr'><strong>Traiani</strong></span> <span class='ocrx_word' id='word_1_173' title='bbox 751 2133 850 2176; x_wconf 72' lang='lat' dir='ltr'><strong>umore.</strong></span> <span class='ocrx_word' id='word_1_174' title='bbox 888 2114 958 2176; x_wconf 88' lang='lat' dir='ltr'><strong>Nam</strong></span> <span class='ocrx_word' id='word_1_175' title='bbox 970 2133 1037 2176; x_wconf 91' lang='lat' dir='ltr'><strong>eum</strong></span> <span class='ocrx_word' id='word_1_176' title='bbox 1047 2114 1119 2177; x_wconf 77' lang='lat' dir='ltr'><strong>Tra·</strong></span> 
     </span>
     <span class='ocr_line' id='line_1_24' title="bbox 202 2199 1120 2282; baseline -0.001 -19"><span class='ocrx_word' id='word_1_177' title='bbox 202 2203 296 2280; x_wconf 86' lang='lat' dir='ltr'><strong>ianus,</strong></span> <span class='ocrx_word' id='word_1_178' title='bbox 316 2220 473 2282; x_wconf 75' lang='lat' dir='ltr'><strong>‹lacuquum</strong></span> <span class='ocrx_word' id='word_1_179' title='bbox 486 2202 674 2262; x_wconf 82' lang='lat' dir='ltr'><strong>consobrinae</strong></span> <span class='ocrx_word' id='word_1_180' title='bbox 685 2218 753 2259; x_wconf 92' lang='lat' dir='ltr'><strong>suae</strong></span> <span class='ocrx_word' id='word_1_181' title='bbox 768 2200 868 2276; x_wconf 87' lang='lat' dir='ltr'><strong>fllium,</strong></span> <span class='ocrx_word' id='word_1_182' title='bbox 889 2202 970 2259; x_wconf 87' lang='lat' dir='ltr'><strong>vivus</strong></span> <span class='ocrx_word' id='word_1_183' title='bbox 983 2199 1120 2262; x_wconf 89' lang='lat' dir='ltr'><strong>noluerat</strong></span> 
     </span>
     <span class='ocr_line' id='line_1_25' title="bbox 201 2281 1118 2364; baseline -0.002 -18"><span class='ocrx_word' id='word_1_184' title='bbox 201 2286 347 2364; x_wconf 84' lang='lat' dir='ltr'><strong>adoptare.</strong></span> <span class='ocrx_word' id='word_1_185' title='bbox 377 2284 465 2345; x_wconf 87' lang='lat' dir='ltr'><strong>Natus</strong></span> <span class='ocrx_word' id='word_1_186' title='bbox 477 2296 505 2345; x_wconf 92' lang='lat' dir='ltr'><strong>et</strong></span> <span class='ocrx_word' id='word_1_187' title='bbox 517 2288 580 2363; x_wconf 85' lang='lat' dir='ltr'><strong>ipse</strong></span> <span class='ocrx_word' id='word_1_188' title='bbox 590 2283 704 2343; x_wconf 88' lang='lat' dir='ltr'><strong>italicae</strong></span> <span class='ocrx_word' id='word_1_189' title='bbox 717 2285 745 2341; x_wconf 90' lang='lat' dir='ltr'><strong>in</strong></span> <span class='ocrx_word' id='word_1_190' title='bbox 756 2281 899 2362; x_wconf 89' lang='lat' dir='ltr'><strong>Hispania.</strong></span> <span class='ocrx_word' id='word_1_191' title='bbox 932 2282 986 2356; x_wconf 81' lang='lat' dir='ltr'><strong>Qui</strong></span> <span class='ocrx_word' id='word_1_192' title='bbox 1002 2282 1118 2345; x_wconf 81' lang='lat' dir='ltr'><strong>&#39;l&#39;raiam</strong></span> 
     </span>
     <span class='ocr_line' id='line_1_26' title="bbox 200 2367 1118 2446; baseline 0.001 -20"><span class='ocrx_word' id='word_1_193' title='bbox 200 2368 309 2445; x_wconf 73' lang='lat' dir='ltr'><strong>gloriae</strong></span> <span class='ocrx_word' id='word_1_194' title='bbox 322 2367 449 2427; x_wconf 83' lang='lat' dir='ltr'><strong>inridens</strong></span> <span class='ocrx_word' id='word_1_195' title='bbox 465 2371 557 2428; x_wconf 93' lang='lat' dir='ltr'><strong>statim</strong></span> <span class='ocrx_word' id='word_1_196' title='bbox 571 2368 733 2445; x_wconf 88' lang='lat' dir='ltr'><strong>provincias</strong></span> <span class='ocrx_word' id='word_1_197' title='bbox 747 2375 805 2425; x_wconf 90' lang='lat' dir='ltr'><strong>tres</strong></span> <span class='ocrx_word' id='word_1_198' title='bbox 817 2367 942 2446; x_wconf 88' lang='lat' dir='ltr'><strong>reliquit,</strong></span> <span class='ocrx_word' id='word_1_199' title='bbox 962 2384 1035 2446; x_wconf 89' lang='lat' dir='ltr'><strong>quas</strong></span> <span class='ocrx_word' id='word_1_200' title='bbox 1046 2367 1118 2428; x_wconf 82' lang='lat' dir='ltr'><strong>&#39;lra-</strong></span> 
     </span>
     <span class='ocr_line' id='line_1_27' title="bbox 200 2449 1118 2529; baseline 0.002 -18"><span class='ocrx_word' id='word_1_201' title='bbox 200 2453 278 2511; x_wconf 89' lang='lat' dir='ltr'><strong>lauus</strong></span> <span class='ocrx_word' id='word_1_202' title='bbox 295 2449 453 2528; x_wconf 87' lang='lat' dir='ltr'><strong>addiderat,</strong></span> <span class='ocrx_word' id='word_1_203' title='bbox 478 2459 506 2510; x_wconf 90' lang='lat' dir='ltr'><strong>et</strong></span> <span class='ocrx_word' id='word_1_204' title='bbox 520 2450 555 2510; x_wconf 90' lang='lat' dir='ltr'><strong>de</strong></span> <span class='ocrx_word' id='word_1_205' title='bbox 566 2451 702 2527; x_wconf 80' lang='lat' dir='ltr'><strong>Assyria,</strong></span> <span class='ocrx_word' id='word_1_206' title='bbox 718 2449 924 2529; x_wconf 82' lang='lat' dir='ltr'><strong>Mesopotamia</strong></span> <span class='ocrx_word' id='word_1_207' title='bbox 941 2460 970 2511; x_wconf 90' lang='lat' dir='ltr'><strong>et</strong></span> <span class='ocrx_word' id='word_1_208' title='bbox 980 2449 1118 2513; x_wconf 76' lang='lat' dir='ltr'><strong>Armenia</strong></span> 
     </span>
     <span class='ocr_line' id='line_1_28' title="bbox 201 2533 1118 2614; baseline 0.002 -20"><span class='ocrx_word' id='word_1_209' title='bbox 201 2535 345 2595; x_wconf 86' lang='lat' dir='ltr'><strong>revocavit</strong></span> <span class='ocrx_word' id='word_1_210' title='bbox 362 2535 504 2594; x_wconf 88' lang='lat' dir='ltr'><strong>exercitus</strong></span> <span class='ocrx_word' id='word_1_211' title='bbox 519 2552 553 2594; x_wconf 90' lang='lat' dir='ltr'><strong>ac</strong></span> <span class='ocrx_word' id='word_1_212' title='bbox 571 2534 652 2594; x_wconf 89' lang='lat' dir='ltr'><strong>linem</strong></span> <span class='ocrx_word' id='word_1_213' title='bbox 669 2536 779 2612; x_wconf 89' lang='lat' dir='ltr'><strong>imperii</strong></span> <span class='ocrx_word' id='word_1_214' title='bbox 798 2553 864 2595; x_wconf 89' lang='lat' dir='ltr'><strong>esse</strong></span> <span class='ocrx_word' id='word_1_215' title='bbox 878 2534 969 2595; x_wconf 83' lang='lat' dir='ltr'><strong>voluit</strong></span> <span class='ocrx_word' id='word_1_216' title='bbox 983 2533 1118 2614; x_wconf 76' lang='lat' dir='ltr'><strong>Euphra·</strong></span> 
     </span>
     <span class='ocr_line' id='line_1_29' title="bbox 200 2614 1116 2696; baseline 0 -18"><span class='ocrx_word' id='word_1_217' title='bbox 200 2628 264 2679; x_wconf 89' lang='lat' dir='ltr'><strong>tom.</strong></span> <span class='ocrx_word' id='word_1_218' title='bbox 290 2614 368 2677; x_wconf 90' lang='lat' dir='ltr'><strong>ldem</strong></span> <span class='ocrx_word' id='word_1_219' title='bbox 384 2616 419 2675; x_wconf 90' lang='lat' dir='ltr'><strong>de</strong></span> <span class='ocrx_word' id='word_1_220' title='bbox 434 2617 522 2678; x_wconf 86' lang='lat' dir='ltr'><strong>Dacia</strong></span> <span class='ocrx_word' id='word_1_221' title='bbox 538 2618 635 2678; x_wconf 87' lang='lat' dir='ltr'><strong>iacere</strong></span> <span class='ocrx_word' id='word_1_222' title='bbox 656 2628 785 2678; x_wconf 89' lang='lat' dir='ltr'><strong>conatum</strong></span> <span class='ocrx_word' id='word_1_223' title='bbox 803 2621 885 2679; x_wconf 89' lang='lat' dir='ltr'><strong>amici</strong></span> <span class='ocrx_word' id='word_1_224' title='bbox 905 2618 1116 2696; x_wconf 89' lang='lat' dir='ltr'><strong>detemuerunt,</strong></span> 
     </span>
     <span class='ocr_line' id='line_1_30' title="bbox 200 2700 1116 2780; baseline 0.001 -17"><span class='ocrx_word' id='word_1_225' title='bbox 200 2720 235 2763; x_wconf 88' lang='lat' dir='ltr'><strong>ne</strong></span> <span class='ocrx_word' id='word_1_226' title='bbox 254 2700 331 2761; x_wconf 87' lang='lat' dir='ltr'><strong>multi</strong></span> <span class='ocrx_word' id='word_1_227' title='bbox 354 2701 432 2760; x_wconf 84' lang='lat' dir='ltr'><strong>ciros</strong></span> <span class='ocrx_word' id='word_1_228' title='bbox 454 2700 571 2761; x_wconf 88' lang='lat' dir='ltr'><strong>Romani</strong></span> <span class='ocrx_word' id='word_1_229' title='bbox 588 2702 714 2762; x_wconf 83' lang='lat' dir='ltr'><strong>barbaris</strong></span> <span class='ocrx_word' id='word_1_230' title='bbox 739 2702 929 2780; x_wconf 83' lang='lat' dir='ltr'><strong>traderentur,</strong></span> <span class='ocrx_word' id='word_1_231' title='bbox 958 2712 1116 2780; x_wconf 89' lang='lat' dir='ltr'><strong>propterea</strong></span> 
     </span>
     <span class='ocr_line' id='line_1_31' title="bbox 201 2782 1117 2865; baseline 0.003 -20"><span class='ocrx_word' id='word_1_232' title='bbox 201 2784 277 2865; x_wconf 80' lang='lat' dir='ltr'><strong>qttttd</strong></span> <span class='ocrx_word' id='word_1_233' title='bbox 296 2782 429 2845; x_wconf 87' lang='lat' dir='ltr'><strong>Traianus</strong></span> <span class='ocrx_word' id='word_1_234' title='bbox 444 2786 518 2844; x_wconf 88' lang='lat' dir='ltr'><strong>victa</strong></span> <span class='ocrx_word' id='word_1_235' title='bbox 529 2784 616 2844; x_wconf 84' lang='lat' dir='ltr'><strong>Dacia</strong></span> <span class='ocrx_word' id='word_1_236' title='bbox 636 2804 672 2846; x_wconf 88' lang='lat' dir='ltr'><strong>ex</strong></span> <span class='ocrx_word' id='word_1_237' title='bbox 686 2794 747 2845; x_wconf 94' lang='lat' dir='ltr'><strong>toto</strong></span> <span class='ocrx_word' id='word_1_238' title='bbox 766 2786 974 2847; x_wconf 78' lang='lat' dir='ltr'><strong>urbellomano</strong></span> <span class='ocrx_word' id='word_1_239' title='bbox 991 2787 1117 2848; x_wconf 87' lang='lat' dir='ltr'><strong>infinitas</strong></span> 
     </span>
     <span class='ocr_line' id='line_1_32' title="bbox 201 2868 1116 2948; baseline 0 -18"><span class='ocrx_word' id='word_1_240' title='bbox 201 2885 236 2930; x_wconf 78' lang='lat' dir='ltr'><strong>uro</strong></span> <span class='ocrx_word' id='word_1_241' title='bbox 250 2868 347 2946; x_wconf 85' lang='lat' dir='ltr'><strong>coplas</strong></span> <span class='ocrx_word' id='word_1_242' title='bbox 367 2869 508 2928; x_wconf 90' lang='lat' dir='ltr'><strong>bominum</strong></span> <span class='ocrx_word' id='word_1_243' title='bbox 526 2869 704 2929; x_wconf 87' lang='lat' dir='ltr'><strong>transtulerat</strong></span> <span class='ocrx_word' id='word_1_244' title='bbox 718 2869 753 2929; x_wconf 88' lang='lat' dir='ltr'><strong>ad</strong></span> <span class='ocrx_word' id='word_1_245' title='bbox 764 2887 849 2948; x_wconf 78' lang='lat' dir='ltr'><strong>agros</strong></span> <span class='ocrx_word' id='word_1_246' title='bbox 867 2879 896 2930; x_wconf 87' lang='lat' dir='ltr'><strong>et</strong></span> <span class='ocrx_word' id='word_1_247' title='bbox 911 2872 998 2930; x_wconf 91' lang='lat' dir='ltr'><strong>urbes</strong></span> <span class='ocrx_word' id='word_1_248' title='bbox 1014 2871 1116 2930; x_wconf 91' lang='lat' dir='ltr'><strong>colen·</strong></span> 
     </span>
     <span class='ocr_line' id='line_1_33' title="bbox 200 2950 1116 3015; baseline 0.001 -1"><span class='ocrx_word' id='word_1_249' title='bbox 200 2952 259 3014; x_wconf 82' lang='lat' dir='ltr'><strong>dar.</strong></span> <span class='ocrx_word' id='word_1_250' title='bbox 292 2950 382 3013; x_wconf 84' lang='lat' dir='ltr'><strong>Dacia</strong></span> <span class='ocrx_word' id='word_1_251' title='bbox 400 2954 473 3012; x_wconf 91' lang='lat' dir='ltr'><strong>enim</strong></span> <span class='ocrx_word' id='word_1_252' title='bbox 486 2952 615 3012; x_wconf 89' lang='lat' dir='ltr'><strong>diuturno</strong></span> <span class='ocrx_word' id='word_1_253' title='bbox 627 2952 704 3012; x_wconf 91' lang='lat' dir='ltr'><strong>bello</strong></span> <span class='ocrx_word' id='word_1_254' title='bbox 715 2953 854 3014; x_wconf 90' lang='lat' dir='ltr'><strong>Decebali</strong></span> <span class='ocrx_word' id='word_1_255' title='bbox 870 2955 938 3015; x_wconf 87' lang='lat' dir='ltr'><strong>viris</strong></span> <span class='ocrx_word' id='word_1_256' title='bbox 954 2955 1048 3014; x_wconf 87' lang='lat' dir='ltr'><strong>luerat</strong></span> <span class='ocrx_word' id='word_1_257' title='bbox 1063 2973 1116 3015; x_wconf 89' lang='lat' dir='ltr'><strong>ex-</strong></span> 
     </span>
     <span class='ocr_line' id='line_1_34' title="bbox 201 3036 306 3099; baseline -0.038 0"><span class='ocrx_word' id='word_1_258' title='bbox 201 3036 306 3099; x_wconf 70' lang='lat' dir='ltr'><strong>bauan.</strong></span> 
     </span>
    </p>

    <p class='ocr_par' dir='ltr' id='par_1_5' title="bbox 199 3116 1113 3451">
     <span class='ocr_line' id='line_1_35' title="bbox 261 3116 1113 3200; baseline 0.001 -19"><span class='ocrx_word' id='word_1_259' title='bbox 261 3120 346 3184; x_wconf 83' lang='lat' dir='ltr'><strong>Dar.</strong></span> <span class='ocrx_word' id='word_1_260' title='bbox 364 3116 425 3178; x_wconf 85' lang='lat' dir='ltr'><strong>Vll.</strong></span> <span class='ocrx_word' id='word_1_261' title='bbox 458 3118 560 3179; x_wconf 84' lang='lat' dir='ltr'><strong>Pacem</strong></span> <span class='ocrx_word' id='word_1_262' title='bbox 573 3127 665 3179; x_wconf 87' lang='lat' dir='ltr'><strong>tamen</strong></span> <span class='ocrx_word' id='word_1_263' title='bbox 684 3121 759 3179; x_wconf 89' lang='lat' dir='ltr'><strong>omni</strong></span> <span class='ocrx_word' id='word_1_264' title='bbox 781 3130 910 3199; x_wconf 88' lang='lat' dir='ltr'><strong>tempore</strong></span> <span class='ocrx_word' id='word_1_265' title='bbox 931 3123 1042 3200; x_wconf 91' lang='lat' dir='ltr'><strong>imperii</strong></span> <span class='ocrx_word' id='word_1_266' title='bbox 1067 3125 1113 3183; x_wconf 88' lang='lat' dir='ltr'><strong>sui</strong></span> 
     </span>
     <span class='ocr_line' id='line_1_36' title="bbox 200 3200 1112 3280; baseline 0.002 -15"><span class='ocrx_word' id='word_1_267' title='bbox 200 3202 310 3277; x_wconf 85' lang='lat' dir='ltr'><strong>babuit,</strong></span> <span class='ocrx_word' id='word_1_268' title='bbox 335 3200 424 3263; x_wconf 87' lang='lat' dir='ltr'><strong>semel</strong></span> <span class='ocrx_word' id='word_1_269' title='bbox 448 3211 553 3263; x_wconf 87' lang='lat' dir='ltr'><strong>tuntum</strong></span> <span class='ocrx_word' id='word_1_270' title='bbox 572 3220 624 3280; x_wconf 91' lang='lat' dir='ltr'><strong>per</strong></span> <span class='ocrx_word' id='word_1_271' title='bbox 641 3203 801 3280; x_wconf 88' lang='lat' dir='ltr'><strong>praesidem</strong></span> <span class='ocrx_word' id='word_1_272' title='bbox 819 3204 970 3265; x_wconf 83' lang='lat' dir='ltr'><strong>dimicavit.</strong></span> <span class='ocrx_word' id='word_1_273' title='bbox 1005 3204 1112 3267; x_wconf 89' lang='lat' dir='ltr'><strong>Orbem</strong></span> 
     </span>
     <span class='ocr_line' id='line_1_37' title="bbox 200 3285 1111 3350; baseline 0 0"><span class='ocrx_word' id='word_1_274' title='bbox 200 3286 352 3349; x_wconf 77' lang='lat' dir='ltr'><strong>Romanum</strong></span> <span class='ocrx_word' id='word_1_275' title='bbox 365 3288 511 3347; x_wconf 90' lang='lat' dir='ltr'><strong>circumiit.</strong></span> <span class='ocrx_word' id='word_1_276' title='bbox 531 3285 617 3347; x_wconf 87' lang='lat' dir='ltr'><strong>llulta</strong></span> <span class='ocrx_word' id='word_1_277' title='bbox 629 3287 796 3348; x_wconf 74' lang='lat' dir='ltr'><strong>aedificavit,</strong></span> <span class='ocrx_word' id='word_1_278' title='bbox 819 3287 1111 3350; x_wconf 85' lang='lat' dir='ltr'><strong>Facundissimusla·</strong></span> 
     </span>
     <span class='ocr_line' id='line_1_38' title="bbox 199 3368 1112 3451; baseline 0 -18"><span class='ocrx_word' id='word_1_279' title='bbox 199 3374 258 3433; x_wconf 90' lang='lat' dir='ltr'><strong>tino</strong></span> <span class='ocrx_word' id='word_1_280' title='bbox 279 3386 424 3437; x_wconf 81' lang='lat' dir='ltr'><strong>sermone.</strong></span> <span class='ocrx_word' id='word_1_281' title='bbox 450 3368 559 3431; x_wconf 85' lang='lat' dir='ltr'><strong>Graeco</strong></span> <span class='ocrx_word' id='word_1_282' title='bbox 577 3370 781 3431; x_wconf 88' lang='lat' dir='ltr'><strong>eruditissimus</strong></span> <span class='ocrx_word' id='word_1_283' title='bbox 803 3372 864 3431; x_wconf 83' lang='lat' dir='ltr'><strong>luit.</strong></span> <span class='ocrx_word' id='word_1_284' title='bbox 898 3372 962 3432; x_wconf 91' lang='lat' dir='ltr'><strong>Non</strong></span> <span class='ocrx_word' id='word_1_285' title='bbox 983 3392 1112 3451; x_wconf 81' lang='lat' dir='ltr'><strong>magnam</strong></span> 
     </span>
    </p>
   </div>
   <div class='ocr_carea' id='block_1_3' title="bbox 0 0 1138 3832">
    <p class='ocr_par' dir='ltr' id='par_1_6' title="bbox 0 0 1138 3832">
     <span class='ocr_line' id='line_1_39' title="bbox 0 0 1138 3832; baseline 0 2"><span class='ocrx_word' id='word_1_286' title='bbox 0 0 1138 3832; x_wconf 95' lang='lat' dir='ltr'><strong> </strong></span> 
     </span>
    </p>
   </div>
  </div>
 </body>
</html>
