2266 3832
128 234 170 295 82
402 233 441 291 tt.
464 233 604 291 VELLEI
626 232 841 294 PATERCULI

128 386 212 449 baris
238 403 381 447 numerus
408 402 499 460 suus,
525 385 566 445 ita
590 383 704 445 lidueia
727 385 851 459 virium,
876 392 910 447 ut
931 387 1112 465 ubicunque

130 473 243 533 Caesar
254 480 352 545 esset,
365 470 437 529 nihil
448 468 478 527 in
491 485 526 529 se
537 477 730 543 reponerent.
752 469 825 528 Pars
838 469 991 531 exercitus
1002 488 1111 535 eorum

130 556 291 630 proposita
301 552 437 629 ipsiduci
446 553 497 630 [et]
510 552 550 611 ad
557 552 712 612 arbitrium
733 553 953 627 utilitatemque
970 564 1110 617 nostram

127 647 281 699 macerata
292 638 502 712 perductaque
514 636 553 695 ad
561 634 746 695 exitiabilem
758 637 868 695 lamern
877 652 979 712 neque
993 640 1109 701 instan-

126 723 166 783 tis
192 721 345 782 sustinere
369 725 471 796 neque
496 735 566 779 cum
591 720 771 779 iacientibus
800 720 920 794 copiam
950 725 1108 798 pugnandi

128 806 389 880 dirigentibnsque
414 802 512 863 aciem
537 819 614 863 ansa
639 801 801 878 congredi,
829 813 980 879 occupato
1005 816 1108 867 monte

97 890 252 951 lClaudio
268 888 434 947 munitione
448 902 483 946 sc
497 886 642 947 defendit.
674 889 713 947 At
727 903 764 946 ea
779 903 866 961 pars,
890 904 970 962 quae
986 890 1107 951 obviam

127 989 162 1033 se
177 973 327 1033 effuderat
340 969 501 1042 exercitui,
519 986 611 1045 quem
625 972 662 1029 A.
676 970 805 1029 caecina
819 978 849 1030 et
864 970 1008 1033 Silvanus
1018 974 1106 1033 Plau·

125 1057 186 1116 tius
212 1056 391 1116 consulares
417 1069 456 1113 ex
480 1052 690 1113 transmarinis
715 1053 908 1113 adducebant
929 1056 1107 1130 provinciis,

126 1140 310 1199 circumfusa
327 1139 462 1213 quinque
479 1136 648 1211 legionibus
664 1137 778 1197 nostris
800 1135 1063 1215 auxiliaribusque
1077 1146 1107 1200 et

126 1221 271 1296 equitatui
287 1222 372 1296 regio
387 1220 518 1296 (quippe
533 1237 674 1295 magnam
685 1220 832 1280 Thracum
848 1237 969 1282 manum
984 1221 1106 1285 iunctus

125 1305 288 1380 praedictis
311 1306 439 1366 ducibus
453 1305 701 1376 Rhoemetalces,
723 1304 868 1364 Thmoiae
882 1320 951 1376 rex,
974 1305 1004 1365 in
1019 1307 1104 1367 adiu·

124 1390 233 1449 tarium
249 1389 315 1449 eius
331 1389 401 1448 belli
414 1405 518 1448 secum
535 1388 685 1458 trahebat)
700 1403 798 1462 paene
810 1387 994 1448 exitiabilem
1010 1390 1105 1451 omni·

124 1473 182 1532 bus
199 1475 317 1532 cladem
332 1473 444 1532 intulit:
458 1474 561 1546 iugata
572 1475 726 1545 regiorum
738 1472 890 1546 equestris
903 1473 1002 1545 acies,
1019 1475 1104 1549 luga·

124 1564 173 1615 tae
194 1558 276 1627 alae,
299 1571 470 1617 conversae
492 1554 635 1615 cohortes
658 1563 742 1627 sunt,
763 1556 848 1628 apud
868 1555 957 1628 signa
978 1572 1104 1633 quoque

96 1639 277 1714 tlcgionum
297 1640 489 1714 trepidatum.
527 1638 588 1698 Sed
604 1638 734 1698 Romani
754 1638 848 1698 virtus
863 1638 965 1698 militis
980 1641 1051 1715 plus
1065 1656 1103 1701 eo

123 1728 262 1796 tempore
288 1723 452 1781 vindicavit
477 1721 593 1796 gloriae
619 1738 710 1796 quam
737 1722 866 1781 ducibus
888 1721 1026 1798 reliquit,
1051 1722 1104 1799 qui

124 1807 367 1866 multumamore
375 1805 566 1880 imperatoris
574 1803 842 1879 suidiscrepantes
850 1812 920 1864 ante
934 1806 965 1865 in
983 1805 1103 1868 hostem

124 1887 308 1962 inciderunt,
325 1904 413 1962 quam
436 1905 490 1963 per
501 1889 727 1963 exploratores,
742 1888 794 1949 ubi
814 1888 912 1949 hostis
932 1898 1031 1964 esset,
1051 1906 1102 1951 co·

94 1979 313 2047 agnoscerent.
335 1972 507 2047 Tumigitur
514 1970 543 2031 in
553 1965 652 2032 dubiis
661 1971 753 2032 rebus
761 1979 858 2032 semet
871 1972 1104 2053 ipsaelegicnes

123 2056 315 2129 adhortatae,
332 2056 474 2130 iugulatis
489 2054 527 2114 ab
539 2055 629 2115 hoste
637 2056 820 2130 quibusdam
827 2055 955 2116 tribunis
967 2058 1103 2131 militum,

124 2141 305 2215 interempto
321 2141 476 2215 praelecto
493 2145 662 2199 castrorum
683 2139 908 2214 praefectisque
922 2138 1104 2214 cohortium,

123 2240 184 2283 non
200 2223 364 2284 incruentis
380 2222 624 2294 centurionibus
647 2239 664 2281 e
680 2223 791 2297 quibus
806 2224 896 2283 eliam
918 2223 1007 2298 primi
1022 2224 1104 2284 ordi·

122 2322 178 2366 nes
203 2307 358 2380 cecidere,
385 2307 526 2367 invasere
550 2306 648 2366 hostis
673 2322 730 2366 nec
756 2306 941 2367 sustinuisse
967 2306 1103 2367 contenti

124 2398 270 2465 perrupta
285 2405 390 2451 eorum
406 2391 471 2450 acie
486 2390 687 2465 exinsperato
694 2389 851 2450 victoriam
860 2390 1102 2451 vindicaverunt.

92 2468 188 2532 'lHoc
210 2475 273 2532 iere
288 2480 426 2548 tempore
441 2475 593 2548 Agrippa,
614 2474 666 2548 qui
683 2472 792 2532 codem
815 2473 864 2531 die
887 2490 948 2548 quo
962 2472 1102 2533 Tiberius

122 2556 285 2631 adoptatus
301 2556 339 2615 ab
355 2573 413 2616 avo
429 2573 486 2616 suo
503 2558 628 2616 naturali
644 2563 708 2616 crat
722 2562 751 2614 et
771 2554 829 2614 iam
847 2565 916 2617 ante
935 2554 1103 2629 biennium,

123 2640 223 2713 qualis
239 2649 337 2712 esset,
354 2656 506 2714 apparere
522 2649 680 2713 coeperat,
696 2637 772 2698 mira
790 2640 937 2713 pravitate
952 2639 1045 2699 animi
1059 2648 1103 2701 at-

41 2792 55 2801 „
122 2738 182 2796 que
197 2723 300 2798 ingeni
315 2724 345 2782 in
361 2722 541 2799 praecipitia
557 2738 724 2783 conversus
742 2722 836 2796 patris
851 2731 942 2797 atque
962 2723 1105 2783 eiusdem

121 2806 170 2864 avi
185 2807 233 2867 sui
249 2807 380 2868 animum
392 2807 534 2866 alienavit
549 2805 606 2866 sibi
621 2821 756 2880 moxque
768 2806 976 2867 crescentibus
991 2806 1103 2867 indies

120 2889 201 2950 vitiis
214 2892 337 2965 dignum
353 2893 456 2951 lurore
471 2908 527 2951 suo
543 2890 648 2949 habuit
662 2889 783 2948 exitum.

93 2981 108 3036 1
207 2975 306 3034 Clllll.
328 2973 720 3049 Accipenunc,lll.Vinici‚
733 2971 1103 3049 tantuminbelloducem,

124 3059 310 3132 quantumin
323 3073 399 3132 pace
410 3058 498 3117 vides
511 3056 688 3132 principem.
711 3056 825 3115 iunctis
837 3057 1021 3117 exercitibus
1034 3056 1104 3132 qui-

123 3154 183 3215 que
198 3140 255 3199 sub
271 3141 401 3200 Caesare
417 3143 550 3210 lucrant,
572 3140 686 3215 quique
706 3140 830 3200 adeum
844 3146 1006 3214 venerant,
1027 3155 1103 3201 con-

42 3239 45 3245 ·
121 3223 288 3297 tractisque
310 3222 339 3281 in
362 3240 424 3283 nna
440 3231 541 3284 eastra
563 3224 669 3283 decem
694 3221 880 3298 legionibus,
906 3223 1104 3298 septuaginta

122 3306 254 3380 amplius
270 3306 462 3381 cohortibus,
483 3308 590 3367 decem
610 3308 667 3367 alis
683 3313 714 3366 et
727 3307 865 3381 pluribus
881 3322 972 3381 quarn
993 3306 1102 3366 decem

122 3397 336 3450 veteranorum
356 3388 493 3464 milibus,
515 3390 634 3449 adhoc
654 3406 764 3464 magno
784 3389 1022 3449 voluntariorum
1043 3405 1101 3447 nu·

124 3488 207 3532 mero
229 3471 442 3549 frequentique
460 3474 560 3548 equite
576 3472 677 3549 regio,
699 3478 782 3533 tanto
801 3471 932 3547 denique
950 3469 1098 3547 exercitu,
