2266 3832
291 239 499 301 tristantur
512 238 704 301 ROMANAE
719 239 759 313 tl,
775 246 819 299 59.
1000 235 1041 299 51

65 393 207 452 dictitans
222 391 296 450 nihil
310 392 441 466 amplius
457 389 573 450 civibus
589 397 709 465 praeter
723 391 843 467 tyranni
858 423 892 432 —
906 389 948 448 ita
962 389 1042 448 enirn

65 474 215 550 appellari
230 475 390 534 Caesarem
416 475 495 532 lacto
522 474 588 532 eius
606 474 789 547 expediebat
807 502 850 513 -
876 473 1041 548 petendum

67 574 139 618 esse
160 558 352 632 sanguinem)
374 564 543 617 convocato
566 564 689 627 senatu,
707 573 774 616 curn
796 557 854 615 iarn
874 556 1041 629 Dolabella,

65 657 157 716 quem
173 640 390 702 substituturus
417 640 474 699 sibi
496 641 607 699 Caesar
632 640 846 714 designaverat
873 640 1040 711 consulem,

64 724 159 784 lascis
184 732 276 798 atque
301 723 432 797 insignia
457 723 657 798 corripuisset
672 724 824 794 consulis,
850 724 932 782 velut
955 722 1041 796 pacis

64 812 172 867 auctor
187 807 300 868 liberos
316 824 391 867 suos
407 805 533 866 obsides
549 806 579 865 in
596 806 774 881 Capitolium
790 806 872 865 misit
886 806 1041 879 fidemque

65 890 274 949 descendendi
295 898 358 951 tuto
380 890 623 950 interlectoribus
645 889 784 950 Caesaris
802 890 901 957 dedit;
924 897 953 948 et
966 888 1041 948 illud

64 973 178 1033 decreti
199 973 430 1033 Atheniensium
451 973 638 1033 celeberrimi
659 975 847 1048 exemplum,
875 974 1042 1030 relatuma

65 1056 220 1130 Cicerone,
237 1056 399 1117 oblivionis
414 1057 645 1131 praeteritarum
667 1073 766 1115 rerum
783 1059 905 1116 decreto
921 1062 1041 1131 patrum

65 1140 295 1214 comprobatum
314 1148 369 1199 est.

148 1223 221 1281 LIX.
265 1222 405 1283 Caesaris
417 1221 528 1281 deinde
542 1229 751 1281 testamentum
760 1229 898 1296 apertum
910 1229 965 1294 est,
979 1230 1068 1295 quoi

65 1308 96 1366 C.
110 1306 282 1379 Octavium,
297 1313 440 1380 nepotem
456 1306 572 1364 sororis
588 1320 663 1364 suae
677 1306 785 1378 luliae,
801 1305 974 1379 adoptabat.
996 1305 1041 1363 De

64 1390 151 1450 cuius
167 1389 298 1464 origine,
315 1389 432 1451 etiamsi
444 1391 604 1463 praenitet,
621 1404 721 1462 pauca
730 1388 860 1446 dicenda
873 1394 952 1447 sunt.
974 1386 1070 1447 Fuitn

65 1473 95 1533 C.
106 1471 250 1532 Octavius
263 1481 297 1533 ut
309 1491 370 1533 non
384 1472 574 1546 patricia-ita
583 1472 745 1531 admodum
754 1471 1042 1546 speciosaequestri

63 1557 183 1631 genitus
199 1557 326 1630 familia,
353 1556 472 1630 gravis,
501 1563 643 1626 sanctus,
668 1556 831 1628 innocenS,
858 1554 955 1614 dives.
984 1553 1041 1612 Hic

63 1648 187 1714 praetor
201 1640 278 1699 inter
293 1639 500 1699 nobilissimos
515 1639 599 1698 viros
616 1645 736 1698 creatus
757 1640 854 1712 primo
870 1639 955 1708 loco,
972 1652 1041 1696 cum

64 1722 92 1781 ei
107 1722 240 1796 dignatio
256 1723 332 1781 Iulia
353 1723 483 1796 genitam
507 1723 604 1781 Atiam
628 1723 822 1781 conciliasset
842 1737 985 1792 uxorem,
1001 1735 1041 1778 ex

64 1822 101 1866 eo
116 1805 234 1865 honore
246 1808 370 1866 sortitus
382 1806 593 1865 Macedoniam
604 1808 840 1879 appellatusque
854 1807 885 1864 in
897 1820 934 1864 ea
945 1804 1040 1878 impe-

63 1896 160 1961 rator,
173 1890 326 1948 decedens
338 1891 375 1947 ad
389 1889 564 1963 petitionem
577 1891 755 1948 consulatus
768 1887 841 1948 obiit
851 1894 1040 1962 praetextato

62 1973 168 2031 relicto
184 1972 256 2029 filio.
286 1972 379 2043 Quem
394 1973 424 2031 C.
439 1972 566 2042 Caesar,
581 1971 678 2030 maior
692 1972 757 2030 eius
773 1972 951 2041 avunculus,
967 1970 1039 2028 edu·
1052 1976 1070 2027 3

63 2062 163 2114 catum
178 2053 261 2125 apud
275 2054 447 2127 Philippum
458 2054 596 2111 vitricum
609 2053 713 2113 dilexit
727 2060 760 2112 ut
776 2070 866 2112 suum
877 2060 1041 2127 natumque

65 2151 164 2195 annos
192 2136 627 2209 duodevigintiHispaniensis
653 2137 775 2195 militiae
801 2137 979 2195 adsecutum
1006 2151 1041 2194 se

64 2226 174 2294 postea
191 2220 330 2279 comitem
345 2219 462 2291 habuit,
484 2235 639 2292 nunquam
662 2227 713 2278 aut
728 2220 787 2278 alio
802 2236 892 2279 usum
906 2218 1039 2291 hospitio

63 2319 153 2377 quant
169 2319 226 2362 sno
242 2304 358 2362 autalio
369 2310 486 2361 vectum
501 2302 656 2374 vehiculo,
674 2303 931 2376 pontificatusque
939 2316 1040 2360 sacer-

63 2387 146 2447 dello
173 2403 300 2461 puerum
326 2386 494 2446 honoravit.
523 2387 561 2447 Et
583 2386 708 2460 patratis
732 2385 820 2445 bellis
837 2385 975 2444 civilibus
1001 2385 1069 2444 adl

63 2470 261 2529 erudiendam
276 2469 451 2529 liberalibus
465 2469 635 2544 disciplInis
645 2468 808 2543 singularis
816 2469 947 2528 indolem
956 2468 1039 2527 iuve-

63 2552 109 2611 nis
123 2554 318 2627 Apolloniam
340 2569 409 2612 eum
430 2555 460 2611 in
477 2553 577 2612 studia
596 2554 735 2626 miserat,
757 2570 829 2613 mox
851 2553 922 2613 belli
944 2551 1039 2611 Getici

63 2651 99 2694 ac
120 2635 231 2696 deinde
252 2637 381 2697 Parthici
399 2637 556 2695 habiturus
584 2638 826 2696 commilitonem.
863 2635 917 2696 Cui
937 2642 971 2694 ut
993 2642 1067 2694 esta

63 2720 228 2780 nuntiatum
245 2721 283 2778 de
299 2721 393 2777 caede
409 2721 565 2790 avunculi,
582 2736 648 2779 cum
664 2721 802 2795 protinus
820 2736 858 2778 ex
873 2718 981 2777 vicinis
997 2720 1037 2776 le-

62 2802 204 2876 gionibus
220 2803 413 2861 centuriones
430 2819 517 2861 suam
528 2818 715 2876 suorumque
731 2804 856 2862 militum
869 2818 995 2875 operam
1010 2800 1038 2858 ei

62 2885 278 2958 pollicerentur
309 2902 409 2959 neque
443 2901 510 2943 eam
544 2886 750 2958 spernendam
786 2884 980 2943 Salvidienus
1009 2890 1039 2940 et

59 2968 354 3044 Agrippadicerent,
370 2970 419 3026 ille
430 2967 577 3027 festinans
591 2968 787 3041 pervenirein
800 2966 905 3025 urbem
918 2982 1038 3024 omnem

60 3052 198 3111 ordinem
213 3070 248 3112 ac
261 3053 408 3112 rationem
422 3060 452 3111 et
466 3050 550 3110 necis
566 3060 595 3111 et
610 3051 778 3110 testamenti
786 3048 939 3109 Brundusi
956 3064 1036 3108 com-

59 3134 147 3209 perit.
177 3136 230 3196 Cui
245 3136 417 3195 adventanti
431 3138 556 3194 Romam
573 3135 711 3193 immanis
726 3134 890 3193 amicorum
907 3134 1066 3192 occurrito

60 3218 246 3293 frequentia,
262 3226 375 3279 etcum
392 3219 529 3290 intraret,
545 3221 627 3279 eirca
638 3219 735 3278 orbem
751 3219 825 3277 solis
843 3216 926 3277 orbis
942 3232 1036 3289 super

60 3309 152 3375 caput
166 3304 232 3362 cius
248 3307 390 3363 curvatus
406 3303 572 3375 aequaliter
591 3302 835 3376 rotundatnsque
856 3302 884 3359 in
902 3300 1035 3358 colorem

59 3400 149 3444 arcus
166 3389 248 3447 velut
263 3400 408 3447 coronam
422 3386 496 3445 tanti
508 3402 579 3445 mox
598 3384 654 3444 viri
675 3386 764 3459 capiti
780 3387 941 3459 imponens
963 3398 1034 3441 eon-

58 3476 185 3541 spectus
202 3478 257 3530 est.

828 3552 869 3611 μ
