2310 3840
89 210 109 274 8
456 224 728 274 rnomnrmons

91 385 141 442 est
149 376 255 458 bonis,
273 381 449 462 grassatus,
462 395 535 438 eum
546 375 716 439 saevitiam
726 375 815 440 domi
824 375 1009 461 fatigasset,
1030 386 1102 445 tsn-

64 461 166 526 5dem
184 463 219 524 in
241 460 351 524 hostes
373 479 548 524 conversus
571 467 630 523 est.
667 460 715 523 sic
739 458 851 524 valida
866 459 957 526 Latii
977 464 1102 550 oppida

91 554 186 632 eapta
202 552 291 625 sunt,
309 541 434 624 Ardea,
453 541 637 606 Ocriculum
643 589 653 623 ,
672 542 785 625 Gabii,
804 541 925 608 Suessa
935 544 1100 613 Pometia.

64 633 159 694 sstum
191 649 297 726 uoque
309 635 460 689 eruentus
472 627 507 689 in
518 646 604 690 suos.
633 647 739 712 neque
760 628 847 691 enim
862 626 968 693 filium
983 631 1102 697 verbe-

90 734 164 776 rare
170 651 347 790 dub1mvit,
365 717 401 773 ut
419 708 584 774 simulanti
601 710 806 796 transfugam
817 720 895 797 aput
904 712 1013 778 hostis
1024 713 1124 785 hines

66 796 173 860 ofides
186 805 280 859 esset.
299 794 351 857 oui
363 791 487 873 Gabiis,
500 801 535 856 ut
545 792 703 876 voluerat,
713 802 845 881 recepto
858 802 890 859 et
898 800 1101 881 pernuntios

90 876 379 1046 eonsulentffluid
389 875 461 940 fieri
471 875 585 959 vellet,
608 878 784 942 eminentia
797 878 883 943 forte
897 900 1103 979 papaverum

90 964 197 1061 capita
210 964 263 1026 vir
321 982 341 1024 a
352 961 529 1042 excutiens,
542 980 615 1024 eum
620 982 684 1059 per
694 961 757 1040 hoe
771 961 1017 1031 interficiendos
1028 988 1101 1033 esse

89 1044 359 1132 prmcipesvellet
368 1042 524 1127 intellegi,
536 1045 916 1131 quas1superbiasileret,
926 1050 1100 1135 respondit

90 1140 209 1194 tamen.
239 1130 280 1194 de
296 1125 458 1192 manubiis
476 1135 643 1213 captarum
657 1128 788 1195 urbium
802 1130 961 1215 templum
977 1134 1095 1199 erexit.
1105 1160 1131 1205 ιο

64 1232 81 1282 8
114 1213 263 1279 uodeum
273 1214 532 1296 inauguraretur,
550 1211 740 1277 cedentibus
758 1214 875 1278 esteris
886 1213 1098 1283 dismirares

64 1237 208 1366 sdicitur
225 1298 387 1362 extitisse:
407 1295 555 1359 restitere
565 1295 719 1361 Iuventas
730 1305 762 1361 et
773 1297 957 1363 Terminus.
974 1300 1100 1386 plaeuit

90 1381 219 1446 vatibus
236 1380 440 1446 contumacia
455 1380 632 1461 numinum,
648 1381 677 1443 si
688 1380 820 1466 quidem
835 1380 930 1445 firma
940 1385 1055 1449 omnia
1068 1394 1100 1451 st
1151 1418 1154 1453 ι

91 1475 223 1530 aeterna
257 1463 480 1530 ollicebantur.
499 1462 558 1527 sed
569 1462 651 1527 illud
660 1462 855 1546 hortentius,
868 1465 1099 1553 quodmolien·
1150 1478 1154 1557 Ι

91 1549 176 1614 tibus
189 1487 303 1612 aedem
321 1549 355 1610 in
374 1545 592 1610 fundamentis
608 1546 784 1613 humanum
799 1569 836 1612 re
859 1557 966 1615 ertum
982 1560 1035 1617 est
1046 1572 1097 1617 oa·
1107 1578 1131 1621 rs

90 1640 157 1718 put,
173 1652 234 1696 nee
251 1629 441 1695 dubitavere
459 1631 567 1694 cuncti
583 1639 762 1697 monstrum
772 1631 848 1718 pule
871 1634 1029 1701 errimum
1040 1637 1098 1703 im·
1154 1647 1155 1692 l

51 1715 297 1814 10periisedem
308 1720 467 1812 eaputque
480 1722 640 1779 terrarum
657 1717 856 1800 promittere.
883 1725 952 1782 tam
970 1717 1030 1784 din
1047 1740 1099 1785 su·

90 1795 1098 1968 {tlt‘lstt?stlatrlttttttttltltllattlt

51 1981 80 2031 11
92 1967 281 2052 nonpotuit.
304 1986 439 2051 quorum
456 1984 529 2029 eum
545 1965 628 2030 alter
645 1968 868 2033 ornatissimae
878 1968 1020 2035 feminas
1031 1970 1132 2036 Lis-rs

90 2051 209 2115 cratiae
222 2059 368 2136 stuprum
378 2047 549 2132 intulisset,
567 2059 715 2116 matrona
732 2051 872 2117 dedeeus
884 2052 972 2118 ferro
984 2056 1097 2141 expia·

88 2136 152 2219 vit3
163 2135 334 2221 imperium
348 2132 480 2218 regibus
493 2133 695 2219 abrogatum.

93 2264 138 2329 II.
162 2261 600 2331 ANAOEPHALAEOSIS
611 2265 676 2330 DE
692 2265 871 2332 SEPTEM
882 2266 1095 2349 REGIBVS.

63 2400 83 2463 s
175 2385 268 2449 Haeo
279 2393 328 2448 est
342 2384 447 2469 prima
457 2393 545 2447 aetas
580 2383 670 2469 opuli
679 2384 818 2452 Romani
836 2393 868 2449 et
884 2387 978 2471 quasi
988 2386 1097 2453 infan-
1116 2464 1119 2469 ¹

89 2471 151 2550 tia,
169 2489 266 2555 quam
278 2467 392 2531 habuit
408 2467 469 2531 sub
486 2405 619 2551 regibus
637 2476 775 2554 septem,
795 2470 935 2554 quadam
952 2468 1134 2537 fatorumas

91 2553 252 2619 industria
261 2560 328 2615 tam
339 2552 440 2616 variis
452 2551 594 2635 ingenie,
605 2559 642 2615 ut
650 2553 699 2616 rei
707 2551 859 2638 publicae
869 2553 953 2619 ratio
965 2561 999 2617 et
1008 2554 1099 2621 utili·

65 2646 141 2707 atas
157 2634 352 2722 postrdabat.
381 2656 456 2699 nam
474 2634 553 2722 quid
569 2635 708 2701 Romulo
724 2635 916 2701 ardentius?
936 2636 997 2701 tali
1014 2658 1098 2725 opus

65 2721 168 2802 afuit,
192 2729 228 2784 ut
238 2720 408 2784 invaderet
418 2740 564 2804 regnum.
594 2718 673 2806 quid
690 2719 798 2784 Numa
812 2720 1025 2805 religiosius?
1051 2723 1100 2787 ita

90 2826 143 2870 res
179 2805 311 2890 opossit,
328 2812 365 2868 ut
374 2803 470 2869 ferox
477 2802 617 2902 populus
630 2803 765 2868 deorum
776 2812 864 2869 metu
878 2805 1097 2904 mitigaretur.

66 2913 83 2961 4
95 2826 197 2975 quid?
213 2888 269 2952 ille
279 2887 413 2952 militiae
424 2887 545 2952 artrfex
556 2886 670 2951 Tullus
682 2886 893 2954 bellatoribus
904 2889 985 2952 viris
997 2910 1095 2989 quam
1106 2908 1136 2953 aa

90 2973 302 3052 necessarius,
317 2977 354 3036 ut
365 2979 495 3036 acueret
503 2971 629 3035 ratione
640 2971 808 3036 virtutem!
825 2970 929 3059 quid?
945 2971 1100 3038 aedrfioa·

90 3056 272 3137 torAncus,
290 3064 327 3120 ut
342 3054 458 3120 urbem
468 3056 596 3121 colonia
608 3055 807 3139 extenderet,
824 3064 924 3143 ponte
935 3056 1099 3140 iungeret,

66 3148 346 3209 5murotueretur.
365 3140 430 3203 iam
439 3160 518 3204 vero
530 3148 719 3204 ornamenta
730 3138 900 3227 Tarquinii
911 3139 1101 3225 etinsignia
1127 3178 1131 3183 -

92 3232 246 3312 quantam
257 3224 399 3354 principi
418 3223 538 3373 populo
556 3223 752 3289 addiderunt
770 3246 813 3289 ex
830 3225 902 3323 ipse
917 3222 1033 3288 habitu
1051 3223 1100 3290 di·

63 3310 263 3394 agnitatem.
287 3316 411 3372 actusa
447 3308 536 3372 srvio
550 3328 665 3372 census
676 3307 755 3394 quid
766 3308 882 3390 effeert,
901 3307 964 3370 nisi
974 3307 1036 3370 uti
1060 3321 1137 3372 sats

65 3414 127 3463 sse
144 3400 255 3458 nosset
271 3392 418 3458 Romana
435 3414 488 3456 res
503 3390 658 3477 publiea?
675 3400 839 3477 postremo
852 3388 992 3477 Superbi
1009 3390 1017 3407 '
1057 3412 1099 3457 us

91 3477 266 3564 inportuna
277 3476 453 3542 dominatio
465 3496 530 3541 non
543 3475 635 3558 nihil,
652 3476 751 3541 imme
767 3474 824 3540 vel
837 3474 1014 3562 plurimum
1022 3494 1100 3561 pro-
