2266 3832
359 207 723 296 1‚ao.31[11,14.15].
999 214 1057 273 ιι·

31 384 188 442 meretur.
217 377 317 460 igitur
326 376 461 441 Manilio
481 374 725 461 Censorinoque
742 373 1065 460 consulibuspopu-7

32 460 87 525 lus
103 460 271 525 Romanus
287 459 461 543 adgressus
482 458 714 543 Carthaginem
731 478 789 542 spe
812 457 904 541 pacis
921 459 1042 522 iniecta

31 542 190 609 traditam
207 562 228 605 a
245 541 430 607 volentibus
449 541 585 605 classem
601 541 683 605 subi
708 560 743 603 so
755 561 812 604 orc
830 539 920 604 urbis
931 541 1041 605 incen-

33 624 96 691 dit.
128 634 200 689 tum
214 626 356 690 evocatis
374 625 590 710 principibus,
608 626 636 688 si
654 563 737 687 salvi
758 643 830 686 csse
846 623 983 706 vellent,
1004 633 1069 688 ut8

11 710 215 794 migrarent
224 707 343 772 finibus
355 708 537 792 imperavit.
555 706 641 792 quod
652 727 710 791 pro
720 707 769 770 rei
777 707 946 770 atrocitate
957 707 1040 771 adeo

32 792 139 857 movit
150 793 231 872 iras,
248 799 285 855 ut
297 798 442 855 extrema
453 791 596 854 mallent.
624 788 856 874 comploratum
873 791 973 874 igitur
1005 813 1040 854 u·

32 873 121 941 blico
139 876 248 939 statim
267 883 299 938 et
314 874 383 959 pari
396 895 476 939 voce
488 874 660 938 clamatum
677 881 725 936 est
737 872 792 941 ‘ad
803 874 928 936 armal'
941 895 976 937 se
1002 875 1067 936 ’1-9

34 978 101 1045 quc
112 958 282 1039 sententia,
300 977 428 1042 quoquo
445 957 541 1022 modo
552 955 791 1037 rebellandum3
811 977 878 1020 non
912 957 1042 1020 uiaiam

33 1061 112 1127 spos
129 1040 198 1105 ulla
208 1048 407 1125 superesset,
425 1041 484 1105 sed
495 1042 572 1125 quia
587 1040 726 1137 patriam
737 1059 828 1103 suam
839 978 973 1103 mallent
985 1039 1041 1103 ho-

11 1122 608 1209 rstiumqnumsuismanibusevertr.
639 1122 694 1207 qui
705 1120 933 1187 rebellantium
942 1122 1041 1187 fucrit
1052 1133 1086 1184 lo

34 1206 144 1287 furor,
159 1206 214 1271 vel
223 1205 299 1271 hinc
310 1205 457 1288 intellegi
459 1212 583 1352 potest,
595 1204 683 1301 quod
692 1206 727 1267 in
737 1225 832 1269 usum
843 1225 948 1269 novae
960 1206 1040 1270 clas·

34 1290 83 1355 sis
102 1297 189 1355 tecta
204 1288 357 1354 domuum
373 1289 457 1351 resci
482 1295 592 1368 erunt3
609 1309 644 1349 m
660 1307 822 1351 armorum
835 1287 973 1352 officinis
986 1309 1041 1352 au·

40 1394 116 1437 rum
126 1380 159 1436 ct
168 1380 409 1517 argentumupro
420 1392 495 1435 aere
507 1369 657 1454 ferroque
670 1367 843 1435 conflatum
855 1379 918 1452 est,
931 1372 966 1434 in
976 1380 1041 1435 tor-

34 1463 220 1521 mentorum
246 1455 323 1519 vinc
357 1474 378 1517 a
404 1454 504 1517 crinis
532 1474 608 1518 suos
630 1460 796 1517 matronae
825 1454 1039 1518 contulerunt.

10 1538 193 1605 sMancino
208 1536 327 1603 deinde
338 1536 470 1603 consule
480 1545 568 1600 terra
584 1536 729 1621 marique
740 1535 890 1603 fervebat
902 1535 1039 1602 obsidio.

35 1621 144 1722 operti
151 1628 264 1706 portus
271 1668 281 1702 ,
299 1619 439 1685 nudatus
451 1618 633 1767 estlprimus
646 1628 678 1683 et
690 1640 827 1705 sequens
833 1667 843 1703 ,
857 1620 922 1683 iam
935 1629 966 1683 et
977 1628 1039 1684 ter·
1052 1625 1081 1676 11

34 1714 103 1771 trus
123 1725 250 1785 murus,
272 1724 347 1767 cum
366 1711 475 1767 tamen
523 1724 612 1789 yma,
635 1702 723 1788 quod
744 1724 862 1767 nomen
884 1703 952 1767 arci
968 1703 1039 1785 fuit,

36 1788 132 1874 quasi
149 1787 252 1851 altera
264 1786 379 1850 civitas
397 1785 580 1850 resistebat.
603 1786 750 1870 quamvis
762 1785 936 1872 profligato
947 1784 1038 1851 urbis
1052 1797 1084 1844 12

36 1869 167 1935 excidio
176 1868 654 1941 tamentataleAlricaenomen
663 1867 1039 1954 Scipionumvidebatur.
1109 1873 1113 1880 '

10 1954 140 2038 sigitur
161 1954 196 2016 in
218 1953 317 2016 alium
333 1950 517 2037 Scipionem
540 1973 697 2016 conversa
718 1974 770 2015 res
791 1952 923 2036 publica
943 1952 1041 2015 finem

36 2035 118 2101 belli
141 2034 343 2134 reposcebat.
376 2034 462 2099 hunc
488 2034 591 2098 Paulo
609 2034 819 2098 Macedonico
859 2044 1041 2098 rccreatum

36 2117 189 2183 Africam
209 2118 297 2183 illius
318 2120 429 2202 magni
450 2117 536 2181 filius
560 2118 659 2181 decus
677 2118 784 2200 gentis
806 2056 1039 2200 adsumpserat,

36 2201 101 2267 hoc
111 2201 235 2266 scilicet
245 2201 328 2283 fato,
346 2211 490 2287 utquam
500 2200 614 2264 urbem
625 2207 831 2265 concusserat
842 2220 923 2263 avus
938 2221 1039 2298 nepos

37 2286 109 2350 cius
127 2293 297 2349 everteret.
328 2284 386 2348 scd
404 2283 705 2370 quemadmodum
723 2283 863 2346 maxime
880 2283 1085 2350 mortiteri13

9 2388 165 2433 umcrsus
177 2366 282 2432 solent
293 2389 364 2431 esse
375 2368 580 2432 morientium
591 2366 781 2447 bestiarum,
803 2367 850 2429 sic
860 2366 931 2450 plus
942 2387 1039 2450 nego·

36 2451 234 2517 tiifuitcum
245 2452 398 2514 semiruta
410 2450 510 2515 Carth
553 2450 606 2513 ine
619 2470 715 2534 quam
726 2471 799 2515 cum
809 2450 946 2533 integra.
966 2470 1039 2514 con-

34 2533 141 2621 pulsis
157 2534 192 2598 in
208 2554 308 2598 unam
325 2555 433 2598 arcem
443 2534 529 2598 hosti
552 2555 590 2597 us
600 2542 728 2618 portum
746 2555 872 2618 quoque
883 2534 966 2596 mari
975 2532 1038 2598 Ro·
1050 2537 1084 2586 1⁴1

35 2637 153 2682 manus
164 2616 381 2683 obstruxerat.
399 2617 448 2682 illi
459 2617 596 2681 altorum
607 2615 669 2680 sibi
704 2625 810 2680 ortum
820 2614 862 2680 ab
873 2615 938 2679 alia
949 2616 1039 2680 urbis

35 2708 130 2788 parte
148 2698 316 2782 foderunt,
334 2721 395 2765 nec
410 2710 446 2764 ut
456 2699 621 2798 fugerent3
639 2638 702 2764 sed
710 2720 774 2784 qua
788 2720 882 2764 nemo
895 2698 967 2764 illos
979 2721 1040 2762 nec

9 2782 183 2849 nevadere
197 2804 294 2870 posse
311 2782 479 2865 credebat,
497 2783 573 2847 mdc
597 2783 690 2868 quasi
707 2790 783 2845 nata
800 2781 907 2846 subito
926 2782 1038 2846 classis

37 2867 146 2951 erupit
151 2914 162 2949 ,
182 2888 255 2931 cum
272 2867 403 2931 interim
420 2867 485 2932 iam
503 2865 631 2947 diebus,
651 2866 716 2929 iam
726 2865 873 2929 noctibus
886 2886 971 2929 nova
982 2865 1039 2928 ali·
1051 2879 1084 2930 15

37 2970 104 3037 qua
123 2951 239 3031 moles,
264 2971 349 3015 nova
370 2950 534 3030 machina,
558 2970 644 3013 nova
658 2949 858 3035 perditorum
874 2948 1040 3013 hominum

36 3053 153 3098 manus
181 3034 274 3118 quasi
300 3054 342 3096 ex
370 3033 484 3098 obruto
507 3033 656 3096 incendio
681 3030 788 3095 subita
815 3031 855 3095 de
878 3030 1040 3095 cineribus

36 3116 168 3179 flamma
174 3116 338 3215 prodibat.
352 3116 527 3201 deploratis
539 3117 715 3180 novissime
726 3115 823 3179 rebus
834 3116 970 3199 triginta
981 3135 1040 3177 sex
1051 3117 1086 3167 16

9 3198 131 3263 “milia
149 3220 294 3264 virorum
312 3221 346 3263 se
364 3198 571 3279 dediderunt,
593 3220 657 3283 quo
680 3199 786 3262 minus
805 3199 934 3277 credas,
958 3196 1040 3259 duco

39 3280 258 3346 Hasdrubale.
308 3291 406 3346 uantc
422 3281 538 3347 fortius
556 3282 677 3346 semina
694 3289 725 3345 et
735 3303 818 3345 uxor
831 3280 937 3344 ducis!
956 3298 1038 3363 quae
1050 3287 1083 3336 17

38 3365 271 3451 conprehensis
287 3305 417 3430 duobus
433 3365 545 3429 liberis
562 3386 583 3428 a
597 3365 736 3429 culmine
754 3385 789 3428 sc
802 3364 914 3429 domus
928 3362 961 3424 in
974 3381 1039 3424 me-

38 3447 130 3514 dium
145 3448 233 3512 misit
250 3447 451 3530 incondium,
468 3449 592 3512 imitata
608 3449 750 3516 recinam
772 3467 850 3504 crac
872 3443 1040 3514 111111]αεί-
