<?xml version="1.0" encoding="UTF-8"?>
<!DOCTYPE html PUBLIC "-//W3C//DTD XHTML 1.0 Transitional//EN"
    "http://www.w3.org/TR/xhtml1/DTD/xhtml1-transitional.dtd">
<html xmlns="http://www.w3.org/1999/xhtml" xml:lang="en" lang="en">
 <head>
  <title>
</title>
<meta http-equiv="Content-Type" content="text/html;charset=utf-8" />
  <meta name='ocr-system' content='tesseract 3.04.00' />
  <meta name='ocr-capabilities' content='ocr_page ocr_carea ocr_par ocr_line ocrx_word'/>
</head>
<body>
  <div class='ocr_page' id='page_1' title='image "./eutropiibreviar01crugoog_0061.png"; bbox 0 0 2310 3840; ppageno 0'>
   <div class='ocr_carea' id='block_1_1' title="bbox 154 216 746 279">
    <p class='ocr_par' dir='ltr' id='par_1_1' title="bbox 154 216 746 279">
     <span class='ocr_line' id='line_1_1' title="bbox 154 216 746 279; baseline -0.008 0"><span class='ocrx_word' id='word_1_1' title='bbox 154 216 197 279; x_wconf 81' lang='grc'><strong>46</strong></span> <span class='ocrx_word' id='word_1_2' title='bbox 501 219 746 277; x_wconf 82' lang='lat' dir='ltr'><strong>EUTROPll</strong></span> 
     </span>
    </p>
   </div>
   <div class='ocr_carea' id='block_1_2' title="bbox 155 380 1073 711">
    <p class='ocr_par' dir='ltr' id='par_1_2' title="bbox 155 380 1073 711">
     <span class='ocr_line' id='line_1_2' title="bbox 156 380 1073 461; baseline -0.002 -17"><span class='ocrx_word' id='word_1_3' title='bbox 156 394 211 459; x_wconf 86' lang='lat' dir='ltr'><strong>ost,</strong></span> <span class='ocrx_word' id='word_1_4' title='bbox 225 384 272 461; x_wconf 84' lang='lat' dir='ltr'><strong>qui</strong></span> <span class='ocrx_word' id='word_1_5' title='bbox 290 382 593 460; x_wconf 74' lang='lat' dir='ltr'><strong>posteadugustusest</strong></span> <span class='ocrx_word' id='word_1_6' title='bbox 601 382 691 442; x_wconf 88' lang='lat' dir='ltr'><strong>dictus</strong></span> <span class='ocrx_word' id='word_1_7' title='bbox 704 392 732 442; x_wconf 92' lang='grc' dir='ltr'><strong>ιι</strong></span> <span class='ocrx_word' id='word_1_8' title='bbox 740 401 833 442; x_wconf 90' lang='lat' dir='ltr'><strong>rerum</strong></span> <span class='ocrx_word' id='word_1_9' title='bbox 841 385 957 460; x_wconf 90' lang='lat' dir='ltr'><strong>potitus.</strong></span> <span class='ocrx_word' id='word_1_10' title='bbox 976 380 1073 454; x_wconf 78' lang='lat' dir='ltr'><strong>Quare</strong></span> 
     </span>
     <span class='ocr_line' id='line_1_3' title="bbox 155 464 1073 545; baseline 0 -19"><span class='ocrx_word' id='word_1_11' title='bbox 155 466 277 545; x_wconf 86' lang='lat' dir='ltr'><strong>proiecti</strong></span> <span class='ocrx_word' id='word_1_12' title='bbox 291 475 388 526; x_wconf 89' lang='lat' dir='ltr'><strong>contra</strong></span> <span class='ocrx_word' id='word_1_13' title='bbox 397 467 548 525; x_wconf 84' lang='lat' dir='ltr'><strong>Antonium</strong></span> <span class='ocrx_word' id='word_1_14' title='bbox 562 475 620 525; x_wconf 88' lang='lat' dir='ltr'><strong>tres</strong></span> <span class='ocrx_word' id='word_1_15' title='bbox 633 467 720 526; x_wconf 87' lang='lat' dir='ltr'><strong>duces</strong></span> <span class='ocrx_word' id='word_1_16' title='bbox 732 468 861 526; x_wconf 89' lang='lat' dir='ltr'><strong>vicerunt</strong></span> <span class='ocrx_word' id='word_1_17' title='bbox 874 484 947 525; x_wconf 90' lang='lat' dir='ltr'><strong>eum.</strong></span> <span class='ocrx_word' id='word_1_18' title='bbox 968 464 1073 526; x_wconf 82' lang='lat' dir='ltr'><strong>Evenit</strong></span> 
     </span>
     <span class='ocr_line' id='line_1_4' title="bbox 155 548 1072 625; baseline -0.003 -14"><span class='ocrx_word' id='word_1_19' title='bbox 155 560 258 625; x_wconf 86' lang='lat' dir='ltr'><strong>tamen,</strong></span> <span class='ocrx_word' id='word_1_20' title='bbox 272 559 301 609; x_wconf 90' lang='grc' dir='ltr'><strong>ιιι</strong></span> <span class='ocrx_word' id='word_1_21' title='bbox 312 553 438 609; x_wconf 89' lang='lat' dir='ltr'><strong>victores</strong></span> <span class='ocrx_word' id='word_1_22' title='bbox 450 548 583 610; x_wconf 90' lang='lat' dir='ltr'><strong>consules</strong></span> <span class='ocrx_word' id='word_1_23' title='bbox 595 551 677 609; x_wconf 88' lang='lat' dir='ltr'><strong>ambo</strong></span> <span class='ocrx_word' id='word_1_24' title='bbox 689 558 874 610; x_wconf 75' lang='lat' dir='ltr'><strong>morerentur.</strong></span> <span class='ocrx_word' id='word_1_25' title='bbox 905 549 1000 623; x_wconf 77' lang='lat' dir='ltr'><strong>Quare</strong></span> <span class='ocrx_word' id='word_1_26' title='bbox 1012 558 1072 609; x_wconf 90' lang='lat' dir='ltr'><strong>tres</strong></span> 
     </span>
     <span class='ocr_line' id='line_1_5' title="bbox 159 630 803 711; baseline 0 -18"><span class='ocrx_word' id='word_1_27' title='bbox 159 635 301 695; x_wconf 82' lang='lat' dir='ltr'><strong>exercitus</strong></span> <span class='ocrx_word' id='word_1_28' title='bbox 313 636 359 693; x_wconf 91' lang='lat' dir='ltr'><strong>uni</strong></span> <span class='ocrx_word' id='word_1_29' title='bbox 372 630 488 694; x_wconf 90' lang='lat' dir='ltr'><strong>Caesari</strong></span> <span class='ocrx_word' id='word_1_30' title='bbox 499 634 629 711; x_wconf 84' lang='lat' dir='ltr'><strong>Augusto</strong></span> <span class='ocrx_word' id='word_1_31' title='bbox 642 643 803 711; x_wconf 83' lang='lat' dir='ltr'><strong>paruerunt.</strong></span> 
     </span>
    </p>
   </div>
   <div class='ocr_carea' id='block_1_3' title="bbox 49 748 1072 1584">
    <p class='ocr_par' dir='ltr' id='par_1_3' title="bbox 154 748 1072 1416">
     <span class='ocr_line' id='line_1_6' title="bbox 220 748 1072 828; baseline -0.001 -18"><span class='ocrx_word' id='word_1_32' title='bbox 220 752 308 812; x_wconf 84' lang='lat' dir='ltr'><strong>Cnr.</strong></span> <span class='ocrx_word' id='word_1_33' title='bbox 323 749 361 809; x_wconf 91' lang='lat'><strong>11.</strong></span> <span class='ocrx_word' id='word_1_34' title='bbox 392 749 517 828; x_wconf 86' lang='lat' dir='ltr'><strong>Fugatus</strong></span> <span class='ocrx_word' id='word_1_35' title='bbox 531 749 670 809; x_wconf 83' lang='lat' dir='ltr'><strong>Antonius</strong></span> <span class='ocrx_word' id='word_1_36' title='bbox 683 749 787 808; x_wconf 87' lang='lat' dir='ltr'><strong>amisso</strong></span> <span class='ocrx_word' id='word_1_37' title='bbox 800 749 927 808; x_wconf 86' lang='lat' dir='ltr'><strong>exercitu</strong></span> <span class='ocrx_word' id='word_1_38' title='bbox 943 748 1072 827; x_wconf 76' lang='lat' dir='ltr'><strong>confugit</strong></span> 
     </span>
     <span class='ocr_line' id='line_1_7' title="bbox 156 832 1072 914; baseline -0.004 -19"><span class='ocrx_word' id='word_1_39' title='bbox 156 835 190 896; x_wconf 91' lang='lat' dir='ltr'><strong>ad</strong></span> <span class='ocrx_word' id='word_1_40' title='bbox 201 834 352 914; x_wconf 83' lang='lat' dir='ltr'><strong>Lepidum,</strong></span> <span class='ocrx_word' id='word_1_41' title='bbox 378 836 425 913; x_wconf 90' lang='lat' dir='ltr'><strong>qui</strong></span> <span class='ocrx_word' id='word_1_42' title='bbox 439 832 554 893; x_wconf 85' lang='lat' dir='ltr'><strong>Caesari</strong></span> <span class='ocrx_word' id='word_1_43' title='bbox 572 834 706 910; x_wconf 90' lang='lat' dir='ltr'><strong>magister</strong></span> <span class='ocrx_word' id='word_1_44' title='bbox 717 833 842 911; x_wconf 84' lang='lat' dir='ltr'><strong>equitum</strong></span> <span class='ocrx_word' id='word_1_45' title='bbox 855 832 947 892; x_wconf 86' lang='lat' dir='ltr'><strong>luerat</strong></span> <span class='ocrx_word' id='word_1_46' title='bbox 964 841 993 891; x_wconf 91' lang='lat' dir='ltr'><strong>et</strong></span> <span class='ocrx_word' id='word_1_47' title='bbox 1013 841 1072 892; x_wconf 91' lang='lat' dir='ltr'><strong>tum</strong></span> 
     </span>
     <span class='ocr_line' id='line_1_8' title="bbox 156 916 1070 998; baseline -0.004 -18"><span class='ocrx_word' id='word_1_48' title='bbox 156 921 254 998; x_wconf 87' lang='lat' dir='ltr'><strong>copias</strong></span> <span class='ocrx_word' id='word_1_49' title='bbox 274 918 392 977; x_wconf 88' lang='lat' dir='ltr'><strong>militum</strong></span> <span class='ocrx_word' id='word_1_50' title='bbox 406 917 528 995; x_wconf 81' lang='lat' dir='ltr'><strong>grandes</strong></span> <span class='ocrx_word' id='word_1_51' title='bbox 551 917 682 976; x_wconf 87' lang='lat' dir='ltr'><strong>habebat.</strong></span> <span class='ocrx_word' id='word_1_52' title='bbox 720 916 821 995; x_wconf 78' lang='lat' dir='ltr'><strong>Aquo</strong></span> <span class='ocrx_word' id='word_1_53' title='bbox 843 924 994 994; x_wconf 90' lang='lat' dir='ltr'><strong>susceptus</strong></span> <span class='ocrx_word' id='word_1_54' title='bbox 1016 925 1070 976; x_wconf 92' lang='lat' dir='ltr'><strong>est.</strong></span> 
     </span>
     <span class='ocr_line' id='line_1_9' title="bbox 155 999 1070 1080; baseline -0.003 -17"><span class='ocrx_word' id='word_1_55' title='bbox 155 1002 223 1063; x_wconf 83' lang='lat' dir='ltr'><strong>llox</strong></span> <span class='ocrx_word' id='word_1_56' title='bbox 234 1002 342 1080; x_wconf 67' lang='lat' dir='ltr'><strong>Irepido</strong></span> <span class='ocrx_word' id='word_1_57' title='bbox 357 1020 473 1079; x_wconf 88' lang='lat' dir='ltr'><strong>operam</strong></span> <span class='ocrx_word' id='word_1_58' title='bbox 484 1000 567 1061; x_wconf 90' lang='lat' dir='ltr'><strong>dante</strong></span> <span class='ocrx_word' id='word_1_59' title='bbox 579 999 759 1060; x_wconf 84' lang='lat' dir='ltr'><strong>Caesareum</strong></span> <span class='ocrx_word' id='word_1_60' title='bbox 773 999 896 1060; x_wconf 79' lang='lat' dir='ltr'><strong>Antonio</strong></span> <span class='ocrx_word' id='word_1_61' title='bbox 916 1018 1016 1078; x_wconf 88' lang='lat' dir='ltr'><strong>paoem</strong></span> <span class='ocrx_word' id='word_1_62' title='bbox 1028 1001 1070 1060; x_wconf 87' lang='lat' dir='ltr'><strong>le·</strong></span> 
     </span>
     <span class='ocr_line' id='line_1_10' title="bbox 156 1084 1070 1164; baseline -0.002 -18"><span class='ocrx_word' id='word_1_63' title='bbox 156 1090 194 1146; x_wconf 85' lang='lat' dir='ltr'><strong>cit</strong></span> <span class='ocrx_word' id='word_1_64' title='bbox 206 1095 234 1146; x_wconf 92' lang='grc' dir='ltr'><strong>ιι</strong></span> <span class='ocrx_word' id='word_1_65' title='bbox 247 1087 327 1164; x_wconf 86' lang='lat' dir='ltr'><strong>quasi</strong></span> <span class='ocrx_word' id='word_1_66' title='bbox 338 1084 528 1145; x_wconf 86' lang='lat' dir='ltr'><strong>vindicaturus</strong></span> <span class='ocrx_word' id='word_1_67' title='bbox 548 1087 635 1162; x_wconf 88' lang='lat' dir='ltr'><strong>patris</strong></span> <span class='ocrx_word' id='word_1_68' title='bbox 648 1086 691 1144; x_wconf 89' lang='lat' dir='ltr'><strong>sui</strong></span> <span class='ocrx_word' id='word_1_69' title='bbox 702 1093 837 1162; x_wconf 90' lang='lat' dir='ltr'><strong>mortem,</strong></span> <span class='ocrx_word' id='word_1_70' title='bbox 862 1103 877 1144; x_wconf 94' lang='lat' dir='ltr'><strong>a</strong></span> <span class='ocrx_word' id='word_1_71' title='bbox 891 1101 947 1163; x_wconf 89' lang='lat' dir='ltr'><strong>quo</strong></span> <span class='ocrx_word' id='word_1_72' title='bbox 961 1101 1013 1162; x_wconf 89' lang='lat' dir='ltr'><strong>per</strong></span> <span class='ocrx_word' id='word_1_73' title='bbox 1027 1093 1070 1144; x_wconf 89' lang='grc' dir='ltr'><strong>ιι-</strong></span> 
     </span>
     <span class='ocr_line' id='line_1_11' title="bbox 155 1167 1071 1246; baseline -0.003 -16"><span class='ocrx_word' id='word_1_74' title='bbox 155 1179 320 1231; x_wconf 71' lang='lat' dir='ltr'><strong>aramentum</strong></span> <span class='ocrx_word' id='word_1_75' title='bbox 332 1168 424 1228; x_wconf 87' lang='lat' dir='ltr'><strong>luerat</strong></span> <span class='ocrx_word' id='word_1_76' title='bbox 435 1168 598 1246; x_wconf 88' lang='lat' dir='ltr'><strong>adoptatus,</strong></span> <span class='ocrx_word' id='word_1_77' title='bbox 616 1168 734 1229; x_wconf 87' lang='lat' dir='ltr'><strong>Romam</strong></span> <span class='ocrx_word' id='word_1_78' title='bbox 751 1187 813 1229; x_wconf 94' lang='lat' dir='ltr'><strong>cum</strong></span> <span class='ocrx_word' id='word_1_79' title='bbox 834 1170 960 1228; x_wconf 88' lang='lat' dir='ltr'><strong>exercitu</strong></span> <span class='ocrx_word' id='word_1_80' title='bbox 975 1167 1071 1246; x_wconf 86' lang='lat' dir='ltr'><strong>prole·</strong></span> 
     </span>
     <span class='ocr_line' id='line_1_12' title="bbox 155 1252 1071 1329; baseline -0.001 -15"><span class='ocrx_word' id='word_1_81' title='bbox 155 1263 217 1314; x_wconf 87' lang='lat' dir='ltr'><strong>otus</strong></span> <span class='ocrx_word' id='word_1_82' title='bbox 231 1255 366 1329; x_wconf 85' lang='lat' dir='ltr'><strong>extorsit,</strong></span> <span class='ocrx_word' id='word_1_83' title='bbox 387 1261 417 1312; x_wconf 90' lang='grc' dir='ltr'><strong>ιιι</strong></span> <span class='ocrx_word' id='word_1_84' title='bbox 435 1252 489 1312; x_wconf 87' lang='lat' dir='ltr'><strong>sibi</strong></span> <span class='ocrx_word' id='word_1_85' title='bbox 501 1273 546 1316; x_wconf 80' lang='lat' dir='ltr'><strong>xx.</strong></span> <span class='ocrx_word' id='word_1_86' title='bbox 563 1271 635 1313; x_wconf 87' lang='lat' dir='ltr'><strong>anno</strong></span> <span class='ocrx_word' id='word_1_87' title='bbox 652 1252 815 1313; x_wconf 89' lang='lat' dir='ltr'><strong>consulatus</strong></span> <span class='ocrx_word' id='word_1_88' title='bbox 830 1252 951 1313; x_wconf 89' lang='lat' dir='ltr'><strong>daretur.</strong></span> <span class='ocrx_word' id='word_1_89' title='bbox 982 1253 1071 1313; x_wconf 87' lang='lat' dir='ltr'><strong>Sena·</strong></span> 
     </span>
     <span class='ocr_line' id='line_1_13' title="bbox 154 1335 1071 1416; baseline -0.004 -17"><span class='ocrx_word' id='word_1_90' title='bbox 154 1349 212 1399; x_wconf 91' lang='lat' dir='ltr'><strong>tum</strong></span> <span class='ocrx_word' id='word_1_91' title='bbox 228 1339 396 1416; x_wconf 77' lang='lat' dir='ltr'><strong>proscripsit</strong></span> <span class='ocrx_word' id='word_1_92' title='bbox 414 1355 477 1397; x_wconf 89' lang='lat' dir='ltr'><strong>oum</strong></span> <span class='ocrx_word' id='word_1_93' title='bbox 488 1336 611 1397; x_wconf 84' lang='lat' dir='ltr'><strong>Antonio</strong></span> <span class='ocrx_word' id='word_1_94' title='bbox 630 1345 658 1397; x_wconf 89' lang='lat' dir='ltr'><strong>et</strong></span> <span class='ocrx_word' id='word_1_95' title='bbox 677 1336 785 1415; x_wconf 78' lang='lat' dir='ltr'><strong>lepido</strong></span> <span class='ocrx_word' id='word_1_96' title='bbox 803 1345 832 1396; x_wconf 90' lang='lat' dir='ltr'><strong>et</strong></span> <span class='ocrx_word' id='word_1_97' title='bbox 852 1355 912 1397; x_wconf 91' lang='lat' dir='ltr'><strong>rem</strong></span> <span class='ocrx_word' id='word_1_98' title='bbox 928 1335 1071 1415; x_wconf 85' lang='lat' dir='ltr'><strong>publicam</strong></span> 
     </span>
    </p>

    <p class='ocr_par' dir='ltr' id='par_1_4' title="bbox 49 1419 1069 1584">
     <span class='ocr_line' id='line_1_14' title="bbox 49 1419 1069 1499; baseline -0.001 -17"><span class='ocrx_word' id='word_1_99' title='bbox 49 1444 53 1452; x_wconf 89' lang='lat'><strong>·</strong></span> <span class='ocrx_word' id='word_1_100' title='bbox 155 1425 346 1482; x_wconf 84' lang='lat' dir='ltr'><strong>armistenerc</strong></span> <span class='ocrx_word' id='word_1_101' title='bbox 360 1423 466 1499; x_wconf 87' lang='lat' dir='ltr'><strong>coepit.</strong></span> <span class='ocrx_word' id='word_1_102' title='bbox 498 1420 551 1480; x_wconf 90' lang='lat' dir='ltr'><strong>Per</strong></span> <span class='ocrx_word' id='word_1_103' title='bbox 561 1422 615 1481; x_wconf 89' lang='lat' dir='ltr'><strong>hos</strong></span> <span class='ocrx_word' id='word_1_104' title='bbox 626 1424 710 1482; x_wconf 90' lang='lat' dir='ltr'><strong>etiam</strong></span> <span class='ocrx_word' id='word_1_105' title='bbox 722 1419 827 1480; x_wconf 89' lang='lat' dir='ltr'><strong>Cicero</strong></span> <span class='ocrx_word' id='word_1_106' title='bbox 845 1430 942 1481; x_wconf 88' lang='lat' dir='ltr'><strong>orator</strong></span> <span class='ocrx_word' id='word_1_107' title='bbox 953 1423 1069 1481; x_wconf 83' lang='lat' dir='ltr'><strong>occisus</strong></span> 
     </span>
     <span class='ocr_line' id='line_1_15' title="bbox 157 1504 541 1584; baseline -0.003 -19"><span class='ocrx_word' id='word_1_108' title='bbox 157 1516 202 1565; x_wconf 91' lang='lat' dir='ltr'><strong>cst</strong></span> <span class='ocrx_word' id='word_1_109' title='bbox 213 1507 349 1584; x_wconf 88' lang='lat' dir='ltr'><strong>multique</strong></span> <span class='ocrx_word' id='word_1_110' title='bbox 361 1504 408 1565; x_wconf 93' lang='lat' dir='ltr'><strong>alii</strong></span> <span class='ocrx_word' id='word_1_111' title='bbox 419 1504 541 1565; x_wconf 89' lang='lat' dir='ltr'><strong>nobiles.</strong></span> 
     </span>
    </p>
   </div>
   <div class='ocr_carea' id='block_1_4' title="bbox 91 1617 1070 2372">
    <p class='ocr_par' dir='ltr' id='par_1_5' title="bbox 91 1617 1070 1868">
     <span class='ocr_line' id='line_1_16' title="bbox 219 1617 1068 1701; baseline -0.001 -19"><span class='ocrx_word' id='word_1_112' title='bbox 219 1624 304 1682; x_wconf 86' lang='lat' dir='ltr'><strong>Cnr.</strong></span> <span class='ocrx_word' id='word_1_113' title='bbox 318 1621 369 1681; x_wconf 93' lang='lat' dir='ltr'><strong>lll.</strong></span> <span class='ocrx_word' id='word_1_114' title='bbox 382 1621 451 1701; x_wconf 89' lang='lat' dir='ltr'><strong>(ll.)</strong></span> <span class='ocrx_word' id='word_1_115' title='bbox 472 1620 583 1694; x_wconf 82' lang='lat' dir='ltr'><strong>interca</strong></span> <span class='ocrx_word' id='word_1_116' title='bbox 594 1620 695 1680; x_wconf 88' lang='lat' dir='ltr'><strong>Brutus</strong></span> <span class='ocrx_word' id='word_1_117' title='bbox 709 1629 738 1680; x_wconf 90' lang='grc' dir='ltr'><strong>ιι</strong></span> <span class='ocrx_word' id='word_1_118' title='bbox 750 1617 887 1699; x_wconf 87' lang='lat' dir='ltr'><strong>Cassius,</strong></span> <span class='ocrx_word' id='word_1_119' title='bbox 906 1622 1068 1682; x_wconf 83' lang='lat' dir='ltr'><strong>interlecto-</strong></span> 
     </span>
     <span class='ocr_line' id='line_1_17' title="bbox 91 1703 1069 1784; baseline 0.001 -19"><span class='ocrx_word' id='word_1_120' title='bbox 91 1716 144 1759; x_wconf 75' lang='lat' dir='ltr'><strong>no.</strong></span> <span class='ocrx_word' id='word_1_121' title='bbox 153 1725 201 1766; x_wconf 88' lang='lat' dir='ltr'><strong>res</strong></span> <span class='ocrx_word' id='word_1_122' title='bbox 218 1703 367 1782; x_wconf 80' lang='lat' dir='ltr'><strong>Caesaris,</strong></span> <span class='ocrx_word' id='word_1_123' title='bbox 391 1707 492 1783; x_wconf 87' lang='lat' dir='ltr'><strong>ingens</strong></span> <span class='ocrx_word' id='word_1_124' title='bbox 505 1704 610 1764; x_wconf 90' lang='lat' dir='ltr'><strong>bellum</strong></span> <span class='ocrx_word' id='word_1_125' title='bbox 629 1712 787 1764; x_wconf 82' lang='lat' dir='ltr'><strong>moverunt.</strong></span> <span class='ocrx_word' id='word_1_126' title='bbox 822 1703 909 1766; x_wconf 84' lang='lat' dir='ltr'><strong>Erant</strong></span> <span class='ocrx_word' id='word_1_127' title='bbox 925 1707 998 1765; x_wconf 84' lang='lat' dir='ltr'><strong>enim</strong></span> <span class='ocrx_word' id='word_1_128' title='bbox 1019 1721 1069 1784; x_wconf 83' lang='lat' dir='ltr'><strong>per</strong></span> 
     </span>
     <span class='ocr_line' id='line_1_18' title="bbox 96 1784 1070 1868; baseline -0.002 -17"><span class='ocrx_word' id='word_1_129' title='bbox 96 1784 141 1826; x_wconf 70' lang='lat'>²¹⁰·</span> <span class='ocrx_word' id='word_1_130' title='bbox 152 1790 347 1851; x_wconf 83' lang='lat' dir='ltr'><strong>llacedoniam</strong></span> <span class='ocrx_word' id='word_1_131' title='bbox 359 1788 540 1848; x_wconf 84' lang='lat' dir='ltr'><strong>etOrientem</strong></span> <span class='ocrx_word' id='word_1_132' title='bbox 555 1787 632 1848; x_wconf 89' lang='lat' dir='ltr'><strong>multi</strong></span> <span class='ocrx_word' id='word_1_133' title='bbox 647 1789 802 1865; x_wconf 87' lang='lat' dir='ltr'><strong>exercitus,</strong></span> <span class='ocrx_word' id='word_1_134' title='bbox 819 1805 891 1868; x_wconf 86' lang='lat' dir='ltr'><strong>quos</strong></span> <span class='ocrx_word' id='word_1_135' title='bbox 908 1807 1070 1867; x_wconf 88' lang='lat' dir='ltr'><strong>occupave-</strong></span> 
     </span>
    </p>

    <p class='ocr_par' dir='ltr' id='par_1_6' title="bbox 151 1870 1070 2372">
     <span class='ocr_line' id='line_1_19' title="bbox 151 1870 1070 1950; baseline -0.002 -15"><span class='ocrx_word' id='word_1_136' title='bbox 151 1885 221 1935; x_wconf 87' lang='lat' dir='ltr'><strong>rant.</strong></span> <span class='ocrx_word' id='word_1_137' title='bbox 254 1873 377 1933; x_wconf 83' lang='lat' dir='ltr'><strong>Profecti</strong></span> <span class='ocrx_word' id='word_1_138' title='bbox 400 1882 470 1932; x_wconf 82' lang='lat' dir='ltr'><strong>sunt</strong></span> <span class='ocrx_word' id='word_1_139' title='bbox 483 1874 568 1950; x_wconf 89' lang='lat' dir='ltr'><strong>igitur</strong></span> <span class='ocrx_word' id='word_1_140' title='bbox 587 1881 755 1933; x_wconf 83' lang='lat' dir='ltr'><strong>contraeas</strong></span> <span class='ocrx_word' id='word_1_141' title='bbox 774 1870 881 1933; x_wconf 88' lang='lat' dir='ltr'><strong>Caesar</strong></span> <span class='ocrx_word' id='word_1_142' title='bbox 900 1873 1070 1935; x_wconf 86' lang='lat' dir='ltr'><strong>Octavianus</strong></span> 
     </span>
     <span class='ocr_line' id='line_1_20' title="bbox 151 1955 1069 2035; baseline 0 -17"><span class='ocrx_word' id='word_1_143' title='bbox 151 1959 297 2035; x_wconf 79' lang='lat' dir='ltr'><strong>Augustus</strong></span> <span class='ocrx_word' id='word_1_144' title='bbox 316 1967 344 2018; x_wconf 92' lang='grc' dir='ltr'><strong>ιι</strong></span> <span class='ocrx_word' id='word_1_145' title='bbox 356 1955 395 2016; x_wconf 87' lang='grc' dir='ltr'><strong>Μ.</strong></span> <span class='ocrx_word' id='word_1_146' title='bbox 407 1956 546 2017; x_wconf 81' lang='lat' dir='ltr'><strong>Antonius</strong></span> <span class='ocrx_word' id='word_1_147' title='bbox 563 1956 751 2033; x_wconf 87' lang='lat' dir='ltr'><strong>(remanserat</strong></span> <span class='ocrx_word' id='word_1_148' title='bbox 771 1958 844 2016; x_wconf 89' lang='lat' dir='ltr'><strong>enim</strong></span> <span class='ocrx_word' id='word_1_149' title='bbox 859 1957 894 2017; x_wconf 91' lang='lat' dir='ltr'><strong>ad</strong></span> <span class='ocrx_word' id='word_1_150' title='bbox 914 1957 1069 2018; x_wconf 87' lang='lat' dir='ltr'><strong>delenden·</strong></span> 
     </span>
     <span class='ocr_line' id='line_1_21' title="bbox 152 2039 1068 2122; baseline -0.001 -20"><span class='ocrx_word' id='word_1_151' title='bbox 152 2041 328 2104; x_wconf 87' lang='lat' dir='ltr'><strong>damltaliam</strong></span> <span class='ocrx_word' id='word_1_152' title='bbox 336 2039 486 2122; x_wconf 82' lang='lat' dir='ltr'><strong>Lepidus).</strong></span> <span class='ocrx_word' id='word_1_153' title='bbox 508 2040 592 2119; x_wconf 82' lang='lat' dir='ltr'><strong>Apud</strong></span> <span class='ocrx_word' id='word_1_154' title='bbox 600 2039 758 2119; x_wconf 90' lang='lat' dir='ltr'><strong>Philippos,</strong></span> <span class='ocrx_word' id='word_1_155' title='bbox 766 2039 1068 2119; x_wconf 84' lang='lat' dir='ltr'><strong>Macedoniaeurbem,</strong></span> 
     </span>
     <span class='ocr_line' id='line_1_22' title="bbox 152 2124 1068 2205; baseline -0.002 -18"><span class='ocrx_word' id='word_1_156' title='bbox 152 2137 249 2187; x_wconf 88' lang='lat' dir='ltr'><strong>contra</strong></span> <span class='ocrx_word' id='word_1_157' title='bbox 267 2143 319 2186; x_wconf 91' lang='grc' dir='ltr'><strong>ιοι</strong></span> <span class='ocrx_word' id='word_1_158' title='bbox 343 2134 547 2205; x_wconf 86' lang='lat' dir='ltr'><strong>pugnaverunt.</strong></span> <span class='ocrx_word' id='word_1_159' title='bbox 580 2124 672 2185; x_wconf 93' lang='lat' dir='ltr'><strong>Primo</strong></span> <span class='ocrx_word' id='word_1_160' title='bbox 688 2124 799 2202; x_wconf 89' lang='lat' dir='ltr'><strong>proelio</strong></span> <span class='ocrx_word' id='word_1_161' title='bbox 814 2127 882 2185; x_wconf 87' lang='lat' dir='ltr'><strong>victi</strong></span> <span class='ocrx_word' id='word_1_162' title='bbox 901 2134 965 2186; x_wconf 90' lang='lat' dir='ltr'><strong>sunt</strong></span> <span class='ocrx_word' id='word_1_163' title='bbox 980 2126 1068 2186; x_wconf 79' lang='lat' dir='ltr'><strong>Anto·</strong></span> 
     </span>
     <span class='ocr_line' id='line_1_23' title="bbox 151 2208 1069 2288; baseline -0.003 -16"><span class='ocrx_word' id='word_1_164' title='bbox 151 2214 214 2272; x_wconf 91' lang='lat' dir='ltr'><strong>nius</strong></span> <span class='ocrx_word' id='word_1_165' title='bbox 227 2221 255 2271; x_wconf 88' lang='lat' dir='ltr'><strong>et</strong></span> <span class='ocrx_word' id='word_1_166' title='bbox 270 2208 391 2287; x_wconf 88' lang='lat' dir='ltr'><strong>Caesar,</strong></span> <span class='ocrx_word' id='word_1_167' title='bbox 415 2212 499 2288; x_wconf 87' lang='lat' dir='ltr'><strong>periit</strong></span> <span class='ocrx_word' id='word_1_168' title='bbox 515 2219 607 2269; x_wconf 87' lang='lat' dir='ltr'><strong>tamen</strong></span> <span class='ocrx_word' id='word_1_169' title='bbox 626 2209 682 2268; x_wconf 86' lang='lat' dir='ltr'><strong>dux</strong></span> <span class='ocrx_word' id='word_1_170' title='bbox 696 2208 851 2269; x_wconf 82' lang='lat' dir='ltr'><strong>nobilitatis</strong></span> <span class='ocrx_word' id='word_1_171' title='bbox 863 2208 997 2287; x_wconf 89' lang='lat' dir='ltr'><strong>Cassius,</strong></span> <span class='ocrx_word' id='word_1_172' title='bbox 1021 2229 1069 2269; x_wconf 88' lang='lat' dir='ltr'><strong>se·</strong></span> 
     </span>
     <span class='ocr_line' id='line_1_24' title="bbox 154 2292 1068 2372; baseline -0.003 -17"><span class='ocrx_word' id='word_1_173' title='bbox 154 2295 245 2356; x_wconf 92' lang='lat' dir='ltr'><strong>cundo</strong></span> <span class='ocrx_word' id='word_1_174' title='bbox 257 2294 372 2353; x_wconf 88' lang='lat' dir='ltr'><strong>Brutum</strong></span> <span class='ocrx_word' id='word_1_175' title='bbox 384 2304 413 2353; x_wconf 92' lang='grc' dir='ltr'><strong>ιι</strong></span> <span class='ocrx_word' id='word_1_176' title='bbox 424 2294 557 2353; x_wconf 89' lang='lat' dir='ltr'><strong>inimitam</strong></span> <span class='ocrx_word' id='word_1_177' title='bbox 568 2293 753 2369; x_wconf 91' lang='lat' dir='ltr'><strong>nobilitatem,</strong></span> <span class='ocrx_word' id='word_1_178' title='bbox 774 2311 847 2372; x_wconf 87' lang='lat' dir='ltr'><strong>quae</strong></span> <span class='ocrx_word' id='word_1_179' title='bbox 860 2293 992 2354; x_wconf 90' lang='lat' dir='ltr'><strong>cumillis</strong></span> <span class='ocrx_word' id='word_1_180' title='bbox 1007 2292 1068 2353; x_wconf 90' lang='lat' dir='ltr'><strong>bel·</strong></span> 
     </span>
    </p>
   </div>
   <div class='ocr_carea' id='block_1_5' title="bbox 84 2371 1070 2706">
    <p class='ocr_par' dir='ltr' id='par_1_7' title="bbox 84 2371 1070 2706">
     <span class='ocr_line' id='line_1_25' title="bbox 151 2371 1068 2456; baseline -0.001 -18"><span class='ocrx_word' id='word_1_181' title='bbox 151 2378 208 2438; x_wconf 90' lang='lat' dir='ltr'><strong>lum</strong></span> <span class='ocrx_word' id='word_1_182' title='bbox 220 2387 361 2456; x_wconf 81' lang='lat' dir='ltr'><strong>gesserat,</strong></span> <span class='ocrx_word' id='word_1_183' title='bbox 371 2379 474 2437; x_wconf 84' lang='lat' dir='ltr'><strong>victam</strong></span> <span class='ocrx_word' id='word_1_184' title='bbox 486 2371 696 2436; x_wconf 85' lang='lat' dir='ltr'><strong>interfecerunt.</strong></span> <span class='ocrx_word' id='word_1_185' title='bbox 719 2376 763 2435; x_wconf 83' lang='lat' dir='ltr'><strong>Ac</strong></span> <span class='ocrx_word' id='word_1_186' title='bbox 774 2379 818 2436; x_wconf 94' lang='lat' dir='ltr'><strong>sic</strong></span> <span class='ocrx_word' id='word_1_187' title='bbox 829 2379 902 2437; x_wconf 87' lang='lat' dir='ltr'><strong>inter</strong></span> <span class='ocrx_word' id='word_1_188' title='bbox 913 2394 965 2437; x_wconf 90' lang='grc' dir='ltr'><strong>ιοι</strong></span> <span class='ocrx_word' id='word_1_189' title='bbox 977 2377 1068 2438; x_wconf 81' lang='lat' dir='ltr'><strong>divisa</strong></span> 
     </span>
     <span class='ocr_line' id='line_1_26' title="bbox 153 2459 1067 2538; baseline -0.002 -16"><span class='ocrx_word' id='word_1_190' title='bbox 153 2472 198 2522; x_wconf 89' lang='grc' dir='ltr'><strong>ιιι</strong></span> <span class='ocrx_word' id='word_1_191' title='bbox 214 2480 261 2521; x_wconf 90' lang='lat' dir='ltr'><strong>res</strong></span> <span class='ocrx_word' id='word_1_192' title='bbox 279 2460 402 2538; x_wconf 87' lang='lat' dir='ltr'><strong>publica,</strong></span> <span class='ocrx_word' id='word_1_193' title='bbox 421 2459 607 2538; x_wconf 79' lang='lat' dir='ltr'><strong>utAugustus</strong></span> <span class='ocrx_word' id='word_1_194' title='bbox 619 2459 779 2538; x_wconf 87' lang='lat' dir='ltr'><strong>Hispanias,</strong></span> <span class='ocrx_word' id='word_1_195' title='bbox 799 2459 903 2521; x_wconf 87' lang='lat' dir='ltr'><strong>Callias</strong></span> <span class='ocrx_word' id='word_1_196' title='bbox 920 2470 949 2522; x_wconf 89' lang='grc' dir='ltr'><strong>ιι</strong></span> <span class='ocrx_word' id='word_1_197' title='bbox 960 2461 1067 2522; x_wconf 88' lang='lat' dir='ltr'><strong>ltaliam</strong></span> 
     </span>
     <span class='ocr_line' id='line_1_27' title="bbox 152 2543 1069 2622; baseline -0.001 -16"><span class='ocrx_word' id='word_1_198' title='bbox 152 2554 273 2620; x_wconf 87' lang='lat' dir='ltr'><strong>teneret,</strong></span> <span class='ocrx_word' id='word_1_199' title='bbox 291 2543 428 2603; x_wconf 75' lang='lat' dir='ltr'><strong>Antonius</strong></span> <span class='ocrx_word' id='word_1_200' title='bbox 440 2544 553 2622; x_wconf 78' lang='lat' dir='ltr'><strong>Asiam,</strong></span> <span class='ocrx_word' id='word_1_201' title='bbox 570 2543 697 2621; x_wconf 87' lang='lat' dir='ltr'><strong>Pontum,</strong></span> <span class='ocrx_word' id='word_1_202' title='bbox 712 2544 865 2605; x_wconf 88' lang='lat' dir='ltr'><strong>Orientem.</strong></span> <span class='ocrx_word' id='word_1_203' title='bbox 904 2545 961 2606; x_wconf 90' lang='lat' dir='ltr'><strong>Sed</strong></span> <span class='ocrx_word' id='word_1_204' title='bbox 975 2548 1003 2606; x_wconf 92' lang='lat' dir='ltr'><strong>in</strong></span> <span class='ocrx_word' id='word_1_205' title='bbox 1013 2545 1069 2605; x_wconf 90' lang='lat' dir='ltr'><strong>lta·</strong></span> 
     </span>
     <span class='ocr_line' id='line_1_28' title="bbox 84 2627 1070 2706; baseline -0.002 -17"><span class='ocrx_word' id='word_1_206' title='bbox 84 2628 139 2669; x_wconf 65' lang='grc' dir='ltr'><strong>Αϋ</strong></span> <span class='ocrx_word' id='word_1_207' title='bbox 151 2629 189 2689; x_wconf 92' lang='lat' dir='ltr'><strong>lia</strong></span> <span class='ocrx_word' id='word_1_208' title='bbox 201 2628 232 2688; x_wconf 84' lang='lat' dir='ltr'><strong>L.</strong></span> <span class='ocrx_word' id='word_1_209' title='bbox 244 2628 382 2688; x_wconf 78' lang='lat' dir='ltr'><strong>Antonius</strong></span> <span class='ocrx_word' id='word_1_210' title='bbox 396 2627 494 2688; x_wconf 91' lang='lat' dir='ltr'><strong>consul</strong></span> <span class='ocrx_word' id='word_1_211' title='bbox 506 2627 611 2687; x_wconf 88' lang='lat' dir='ltr'><strong>bellum</strong></span> <span class='ocrx_word' id='word_1_212' title='bbox 623 2629 707 2687; x_wconf 85' lang='lat' dir='ltr'><strong>civile</strong></span> <span class='ocrx_word' id='word_1_213' title='bbox 720 2631 882 2706; x_wconf 83' lang='lat' dir='ltr'><strong>commovit,</strong></span> <span class='ocrx_word' id='word_1_214' title='bbox 898 2630 1070 2706; x_wconf 84' lang='lat' dir='ltr'><strong>iratercius,</strong></span> 
     </span>
    </p>
   </div>
   <div class='ocr_carea' id='block_1_6' title="bbox 94 2697 1067 2792">
    <p class='ocr_par' dir='ltr' id='par_1_8' title="bbox 94 2697 1067 2792">
     <span class='ocr_line' id='line_1_29' title="bbox 94 2697 1067 2792; baseline -0.001 -20"><span class='ocrx_word' id='word_1_215' title='bbox 94 2697 139 2738; x_wconf 87' lang='lat'><strong>⁷¹¹·</strong></span> <span class='ocrx_word' id='word_1_216' title='bbox 153 2715 200 2792; x_wconf 90' lang='lat' dir='ltr'><strong>qui</strong></span> <span class='ocrx_word' id='word_1_217' title='bbox 218 2731 280 2772; x_wconf 90' lang='lat' dir='ltr'><strong>cum</strong></span> <span class='ocrx_word' id='word_1_218' title='bbox 294 2710 417 2772; x_wconf 87' lang='lat' dir='ltr'><strong>Caesare</strong></span> <span class='ocrx_word' id='word_1_219' title='bbox 434 2721 531 2772; x_wconf 89' lang='lat' dir='ltr'><strong>contra</strong></span> <span class='ocrx_word' id='word_1_220' title='bbox 541 2712 656 2772; x_wconf 86' lang='lat' dir='ltr'><strong>Brutum</strong></span> <span class='ocrx_word' id='word_1_221' title='bbox 674 2710 860 2792; x_wconf 86' lang='lat' dir='ltr'><strong>Cassiumque</strong></span> <span class='ocrx_word' id='word_1_222' title='bbox 877 2713 1067 2773; x_wconf 86' lang='lat' dir='ltr'><strong>dimicaverat.</strong></span> 
     </span>
    </p>
   </div>
   <div class='ocr_carea' id='block_1_7' title="bbox 84 2796 1069 2960">
    <p class='ocr_par' dir='ltr' id='par_1_9' title="bbox 84 2796 1069 2960">
     <span class='ocr_line' id='line_1_30' title="bbox 84 2796 1069 2875; baseline 0 -18"><span class='ocrx_word' id='word_1_223' title='bbox 84 2815 138 2858; x_wconf 71' lang='lat' dir='ltr'><strong>no.</strong></span> <span class='ocrx_word' id='word_1_224' title='bbox 152 2796 180 2857; x_wconf 88' lang='lat' dir='ltr'><strong>ls</strong></span> <span class='ocrx_word' id='word_1_225' title='bbox 193 2796 267 2875; x_wconf 94' lang='lat' dir='ltr'><strong>apud</strong></span> <span class='ocrx_word' id='word_1_226' title='bbox 278 2796 434 2873; x_wconf 88' lang='lat' dir='ltr'><strong>Perusiam,</strong></span> <span class='ocrx_word' id='word_1_227' title='bbox 446 2796 567 2857; x_wconf 83' lang='lat' dir='ltr'><strong>Tusciae</strong></span> <span class='ocrx_word' id='word_1_228' title='bbox 580 2799 733 2874; x_wconf 88' lang='lat' dir='ltr'><strong>civitatem,</strong></span> <span class='ocrx_word' id='word_1_229' title='bbox 746 2798 838 2856; x_wconf 87' lang='lat' dir='ltr'><strong>victus</strong></span> <span class='ocrx_word' id='word_1_230' title='bbox 850 2806 879 2857; x_wconf 90' lang='lat' dir='ltr'><strong>et</strong></span> <span class='ocrx_word' id='word_1_231' title='bbox 897 2806 997 2875; x_wconf 80' lang='lat' dir='ltr'><strong>coptus</strong></span> <span class='ocrx_word' id='word_1_232' title='bbox 1010 2805 1069 2874; x_wconf 84' lang='lat' dir='ltr'><strong>est,</strong></span> 
     </span>
     <span class='ocr_line' id='line_1_31' title="bbox 93 2882 383 2960; baseline -0.014 -18"><span class='ocrx_word' id='word_1_233' title='bbox 93 2883 138 2925; x_wconf 74' lang='lat'><strong>⁷¹²·</strong></span> <span class='ocrx_word' id='word_1_234' title='bbox 152 2899 246 2960; x_wconf 86' lang='lat' dir='ltr'><strong>neque</strong></span> <span class='ocrx_word' id='word_1_235' title='bbox 258 2882 383 2939; x_wconf 86' lang='lat' dir='ltr'><strong>occisus.</strong></span> 
     </span>
    </p>
   </div>
   <div class='ocr_carea' id='block_1_8' title="bbox 84 2979 1068 3481">
    <p class='ocr_par' dir='ltr' id='par_1_10' title="bbox 84 2979 1068 3481">
     <span class='ocr_line' id='line_1_32' title="bbox 95 2979 1066 3061; baseline 0 -21"><span class='ocrx_word' id='word_1_236' title='bbox 95 2989 151 3032; x_wconf 84' lang='lat' dir='ltr'><strong>n.u.</strong></span> <span class='ocrx_word' id='word_1_237' title='bbox 216 2982 305 3040; x_wconf 81' lang='lat' dir='ltr'><strong>Car.</strong></span> <span class='ocrx_word' id='word_1_238' title='bbox 324 2979 372 3039; x_wconf 93' lang='lat' dir='ltr'><strong>lV.</strong></span> <span class='ocrx_word' id='word_1_239' title='bbox 387 2979 470 3061; x_wconf 85' lang='grc' dir='ltr'>(ΙΙΙ.)</span> <span class='ocrx_word' id='word_1_240' title='bbox 493 2981 606 3042; x_wconf 89' lang='lat' dir='ltr'><strong>lnterim</strong></span> <span class='ocrx_word' id='word_1_241' title='bbox 620 3001 636 3041; x_wconf 90' lang='lat' dir='ltr'><strong>a</strong></span> <span class='ocrx_word' id='word_1_242' title='bbox 648 2981 736 3040; x_wconf 85' lang='lat' dir='ltr'><strong>Sento</strong></span> <span class='ocrx_word' id='word_1_243' title='bbox 749 2981 902 3061; x_wconf 93' lang='lat' dir='ltr'><strong>Pompeio,</strong></span> <span class='ocrx_word' id='word_1_244' title='bbox 921 2980 972 3042; x_wconf 92' lang='lat' dir='ltr'><strong>Cn.</strong></span> <span class='ocrx_word' id='word_1_245' title='bbox 985 2981 1066 3041; x_wconf 94' lang='lat' dir='ltr'><strong>Pom·</strong></span> 
     </span>
     <span class='ocr_line' id='line_1_33' title="bbox 100 3058 1065 3143; baseline 0 -19"><span class='ocrx_word' id='word_1_246' title='bbox 100 3058 211 3142; x_wconf 66' lang='grc' dir='ltr'><strong>7ηριίἰ</strong></span> <span class='ocrx_word' id='word_1_247' title='bbox 222 3063 317 3142; x_wconf 81' lang='lat' dir='ltr'><strong>Magni</strong></span> <span class='ocrx_word' id='word_1_248' title='bbox 336 3064 413 3140; x_wconf 90' lang='lat' dir='ltr'><strong>lilio,</strong></span> <span class='ocrx_word' id='word_1_249' title='bbox 434 3068 533 3143; x_wconf 89' lang='lat' dir='ltr'><strong>ingens</strong></span> <span class='ocrx_word' id='word_1_250' title='bbox 546 3067 650 3126; x_wconf 89' lang='lat' dir='ltr'><strong>bellum</strong></span> <span class='ocrx_word' id='word_1_251' title='bbox 667 3067 695 3125; x_wconf 95' lang='lat' dir='ltr'><strong>in</strong></span> <span class='ocrx_word' id='word_1_252' title='bbox 707 3065 804 3125; x_wconf 90' lang='lat' dir='ltr'><strong>Sicilia</strong></span> <span class='ocrx_word' id='word_1_253' title='bbox 822 3074 992 3125; x_wconf 91' lang='lat' dir='ltr'><strong>commotum</strong></span> <span class='ocrx_word' id='word_1_254' title='bbox 1010 3074 1065 3142; x_wconf 87' lang='lat' dir='ltr'><strong>est,</strong></span> 
     </span>
     <span class='ocr_line' id='line_1_34' title="bbox 152 3147 1067 3229; baseline -0.001 -20"><span class='ocrx_word' id='word_1_255' title='bbox 152 3152 198 3225; x_wconf 92' lang='lat' dir='ltr'><strong>iis,</strong></span> <span class='ocrx_word' id='word_1_256' title='bbox 213 3151 260 3227; x_wconf 92' lang='lat' dir='ltr'><strong>qui</strong></span> <span class='ocrx_word' id='word_1_257' title='bbox 272 3147 469 3226; x_wconf 84' lang='lat' dir='ltr'><strong>superlucrant</strong></span> <span class='ocrx_word' id='word_1_258' title='bbox 485 3169 520 3210; x_wconf 86' lang='lat' dir='ltr'><strong>ex</strong></span> <span class='ocrx_word' id='word_1_259' title='bbox 532 3150 659 3228; x_wconf 85' lang='lat' dir='ltr'><strong>partibus</strong></span> <span class='ocrx_word' id='word_1_260' title='bbox 671 3149 748 3209; x_wconf 91' lang='lat' dir='ltr'><strong>Bruti</strong></span> <span class='ocrx_word' id='word_1_261' title='bbox 764 3148 931 3229; x_wconf 87' lang='lat' dir='ltr'><strong>Cassiique,</strong></span> <span class='ocrx_word' id='word_1_262' title='bbox 955 3148 991 3210; x_wconf 88' lang='lat' dir='ltr'><strong>ad</strong></span> <span class='ocrx_word' id='word_1_263' title='bbox 1003 3161 1067 3210; x_wconf 88' lang='lat' dir='ltr'><strong>eum</strong></span> 
     </span>
     <span class='ocr_line' id='line_1_35' title="bbox 154 3229 1066 3313; baseline -0.001 -19"><span class='ocrx_word' id='word_1_264' title='bbox 154 3233 369 3294; x_wconf 84' lang='lat' dir='ltr'><strong>confluentibus.</strong></span> <span class='ocrx_word' id='word_1_265' title='bbox 395 3233 531 3293; x_wconf 87' lang='lat' dir='ltr'><strong>Bellatum</strong></span> <span class='ocrx_word' id='word_1_266' title='bbox 544 3252 595 3313; x_wconf 94' lang='lat' dir='ltr'><strong>per</strong></span> <span class='ocrx_word' id='word_1_267' title='bbox 606 3233 758 3294; x_wconf 87' lang='lat' dir='ltr'><strong>Caesarem</strong></span> <span class='ocrx_word' id='word_1_268' title='bbox 769 3229 927 3313; x_wconf 75' lang='lat' dir='ltr'><strong>Augustum</strong></span> <span class='ocrx_word' id='word_1_269' title='bbox 937 3233 1066 3294; x_wconf 88' lang='lat' dir='ltr'><strong>Octavia·</strong></span> 
     </span>
     <span class='ocr_line' id='line_1_36' title="bbox 84 3315 1068 3397; baseline 0 -21"><span class='ocrx_word' id='word_1_270' title='bbox 84 3334 139 3378; x_wconf 74' lang='lat' dir='ltr'><strong>nu.</strong></span> <span class='ocrx_word' id='word_1_271' title='bbox 151 3338 216 3378; x_wconf 91' lang='lat' dir='ltr'><strong>num</strong></span> <span class='ocrx_word' id='word_1_272' title='bbox 237 3327 265 3378; x_wconf 86' lang='lat' dir='ltr'><strong>ct</strong></span> <span class='ocrx_word' id='word_1_273' title='bbox 286 3316 325 3391; x_wconf 79' lang='lat' dir='ltr'><strong>ll.</strong></span> <span class='ocrx_word' id='word_1_274' title='bbox 343 3315 494 3377; x_wconf 83' lang='lat' dir='ltr'><strong>Antonium</strong></span> <span class='ocrx_word' id='word_1_275' title='bbox 515 3318 650 3379; x_wconf 83' lang='lat' dir='ltr'><strong>adversus</strong></span> <span class='ocrx_word' id='word_1_276' title='bbox 668 3318 785 3379; x_wconf 82' lang='lat' dir='ltr'><strong>Sextum</strong></span> <span class='ocrx_word' id='word_1_277' title='bbox 801 3317 976 3397; x_wconf 91' lang='lat' dir='ltr'><strong>Pompeium.</strong></span> <span class='ocrx_word' id='word_1_278' title='bbox 1009 3315 1068 3377; x_wconf 89' lang='lat' dir='ltr'><strong>Pax</strong></span> 
     </span>
     <span class='ocr_line' id='line_1_37' title="bbox 94 3403 456 3481; baseline -0.006 -19"><span class='ocrx_word' id='word_1_279' title='bbox 94 3404 139 3448; x_wconf 79' lang='lat'><strong>⁷¹³·</strong></span> <span class='ocrx_word' id='word_1_280' title='bbox 153 3412 297 3481; x_wconf 89' lang='lat' dir='ltr'><strong>postremo</strong></span> <span class='ocrx_word' id='word_1_281' title='bbox 314 3403 456 3462; x_wconf 89' lang='lat' dir='ltr'><strong>convenit.</strong></span> 
     </span>
    </p>
   </div>
   <div class='ocr_carea' id='block_1_9' title="bbox 0 0 1160 3840">
    <p class='ocr_par' dir='ltr' id='par_1_11' title="bbox 0 0 1160 3840">
     <span class='ocr_line' id='line_1_38' title="bbox 0 0 1160 3840; baseline 0 1"><span class='ocrx_word' id='word_1_282' title='bbox 0 0 1160 3840; x_wconf 95' lang='lat' dir='ltr'><strong> </strong></span> 
     </span>
    </p>
   </div>
  </div>
 </body>
</html>
