2266 3832
148 232 180 278 r.
195 230 296 279 Διιιιι
313 231 419 281 suom
437 232 615 281 vmcrmus
632 233 772 284 osseos
787 235 836 282 ιιι
852 234 976 283 rossi.
1009 222 1070 285 107

64 383 174 449 videri
184 382 281 465 solet,
304 380 390 469 quod
399 404 466 448 non
479 385 602 449 Romae
620 405 743 467 morer3
766 385 824 449 sed
840 385 922 449 nihil
940 394 991 450 est
1006 385 1069 451 dif-

64 466 184 531 ficilius
200 486 298 554 qnam
312 468 472 532 rationem
491 469 629 533 reddere
641 478 733 533 acme
751 470 810 532 tui.
839 490 939 555 quare
955 470 1069 535 desine

63 572 116 614 me
140 551 176 613 in
200 551 389 615 memorium
412 553 554 637 priorem
575 552 760 617 reducendo
781 552 899 617 vulnus
921 552 1069 618 dolorum

63 654 210 699 meorum
225 634 422 699 rescindere.
445 636 587 734 propitia
603 637 647 700 sit
656 636 714 700 illa
725 637 859 718 civitas,
874 645 908 700 et
920 637 1069 701 fruantur

39 717 122 782 ⁶illa
180 715 253 781 'bus
273 717 406 781 fortune
417 721 584 803 permrttit.
619 720 706 805 qnod
720 720 763 784 ad
779 740 832 784 me
846 721 1004 806 pertinet,
1026 740 1070 784 ex

62 800 120 866 illo
157 802 202 883 ὀ,
219 802 312 865 emus
318 848 328 882 ,
341 801 383 865 de
393 822 457 889 quo
467 812 504 867 tu
514 803 593 867 mihi
603 805 696 867 testis
707 824 741 867 es
746 852 757 886 ,
773 804 916 889 palmam
926 812 1070 888 ereptam

60 884 214 949 manibus
238 893 272 949 st
288 885 388 971 cupiti
403 906 556 952 coronam
572 907 644 951 meo
656 887 741 968 vidi,
763 896 832 952 tota
851 908 959 968 mens,
981 896 1069 950 totus

61 970 191 1033 animus
206 967 323 1033 resiliit
339 977 435 1055 utque
450 968 618 1035 abhorruit
629 971 670 1034 ab
684 971 742 1035 illa
755 973 902 1052 civitate,
924 971 1070 1068 adeoque

62 1072 139 1117 sum
159 1072 332 1138 percussus
352 1062 385 1116 et
406 1063 629 1118 consternatus
654 1055 711 1119 illo
735 1055 862 1136 dolore,
889 1064 926 1118 ut
945 1063 1069 1139 petrice

25 1152 54 1193 ιο
88 1154 195 1222 noque
211 1156 304 1200 mess
318 1134 438 1203 oblitus
453 1146 486 1202 et
501 1146 672 1223 parentum
692 1139 933 1203 carissimorum
953 1136 1069 1200 similis

160 1219 948 1307 tihucstillucvagarerperdiversaterrarum!
971 1218 1071 1284 etille

62 1310 293 1451 ‘quapstamep
305 1303 378 1451 lloela
392 1325 515 1404 quasve
531 1305 680 1451 rpgiones
695 1304 923 1403 peragrastil’

61 1490 127 1535 ,ιω
146 1389 1069 1557 sitm..tet⁰sstsldltlutlltt¹ttttltt

24 1552 166 1619 ¹³bilem
183 1553 268 1636 vidi,
287 1492 500 1619 domesticam
513 1554 642 1621 Cereris
659 1555 784 1636 sedem,
807 1553 926 1619 deinde
940 1554 1069 1633 Creten,

59 1638 203 1739 petriam
219 1639 376 1719 tonantis,
400 1647 433 1702 et
446 1660 466 1702 a
482 1639 583 1703 latere
596 1640 721 1703 vicinas
738 1638 899 1737 Cycladas
917 1636 1068 1701 salutavi.

60 1721 143 1785 mde
155 1740 209 1785 me
225 1720 359 1786 Rhodos
374 1731 406 1786 et
420 1722 462 1787 ab
477 1742 630 1868 repressu
646 1724 845 1820 Aegyptrum
859 1720 1011 1820 pelagus,
1032 1726 1070 1782 ut

62 1824 124 1870 ora
132 1803 202 1867 Nili
212 1804 359 1869 viderem
379 1815 412 1870 et
426 1826 514 1891 popu
526 1828 582 1870 um
598 1827 726 1892 semper
740 1828 774 1869 m
790 1805 919 1889 temphs
932 1805 1070 1869 otiosum

60 1889 258 1975 peregrinae
276 1885 358 1952 dece
374 1890 472 1953 sistra
491 1889 683 1975 pulsantem.
716 1888 793 1953 inde
811 1909 922 1952 rursus
940 1886 1071 1950 Italiam

24 1971 165 2053 teredii,
188 1981 221 2034 et
240 1971 348 2036 taedio
369 1974 468 2037 maris
490 1994 563 2036 cum
580 1974 817 2037 mediterranea
837 1971 1070 2055 concepissem,

61 2063 194 2120 secutus
202 2052 456 2141 GallicasAlpes
465 2055 518 2144 [et]
529 2056 630 2120 lustro
660 2054 773 2139 opulos
786 2054 936 2140 aquilone
947 2052 1070 2137 pallen-

60 2148 125 2205 tes.
146 2138 224 2202 inde
240 2139 288 2202 sol
300 2139 451 2204 occidens
463 2139 599 2224 placuit:
645 2147 715 2202 ecto
727 2158 867 2201 cursum.
892 2136 1071 2199 sedstatim

60 2244 124 2311 pur
139 2220 288 2302 horrore,
310 2242 370 2307 par
380 2225 517 2302 vortice,
539 2244 598 2307 par
614 2222 670 2287 ille
682 2219 813 2284 nivibus
827 2220 871 2283 Al
894 2220 957 2282 inis
970 2218 1070 2302 Pyre-

61 2326 167 2371 naeus
183 2305 321 2390 excepit.
342 2307 452 2388 vides,
465 2305 597 2391 hospes,
610 2325 693 2391 quae
709 2305 814 2389 spatia
825 2243 907 2368 eseli
917 2322 996 2387 pera
1037 2321 1070 2363 a·

26 2389 185 2470 merim,
204 2409 287 2475 quae
302 2391 400 2453 maris
412 2410 537 2477 quaeve
550 2399 718 2453 terrerum.
741 2408 807 2452 non
821 2386 916 2450 aliter
931 2407 983 2449 mc
1022 2405 1069 2447 er·

62 2471 171 2554 cules,
189 2472 217 2535 si
232 2472 381 2537 conferre
420 2474 508 2537 arvis
521 2493 640 2556 magna
656 2471 748 2552 licet,
767 2491 857 2534 sacer
874 2470 930 2534 ille
940 2469 1069 2532 iuvenis

147 2556 290 2637 olitevit,
309 2558 362 2620 cui
408 2577 481 2621 erra
499 2565 747 2640 materoapaces
759 2561 951 2619 oneraverat
966 2552 1069 2636 frugi·

110 2661 126 2704 s
142 2640 289 2720 amictus,
301 2648 333 2704 et
344 2661 418 2706 cum
428 2641 505 2704 alite
517 2648 667 2725 serpente
678 2660 807 2702 currum
817 2639 888 2723 ipsa
898 2637 1068 2716 iunxisset,

62 2724 129 2787 nisi
149 2732 216 2789 toto
239 2721 318 2789 orbe
362 2745 417 2787 cra
441 2732 511 2786 rato
529 2724 633 2787 vetuit
658 2743 732 2786 suas
754 2722 862 2786 redire
891 2728 1067 2804 serpentes.

26 2807 163 2873 aolicest
179 2828 257 2890 ergo
273 2744 404 2871 tanslem
417 2745 556 2891 latigato
579 2807 633 2870 hic
654 2805 828 2888 aliquando
845 2801 1065 2868 succumbere.

62 2888 244 2976 sifloythes
256 2910 376 2972 essem,
395 2891 461 2954 iem
474 2890 620 3036 plaustra
637 2889 823 2970 solvissem;
846 2890 874 2950 si
888 2908 992 2971 vagus
1011 2906 1069 2969 gu·

61 2974 233 3055 temtor,
242 2975 309 3036 iam
323 2973 430 3038 dicata
440 2995 480 3059 pe
494 2975 548 3058 agi
559 2973 639 3037 deae
652 2993 750 3059 prora
762 2971 928 3056 penderet.
951 2989 1068 3054 quous·

109 3054 358 3143 evagabimur?
379 3079 421 3145 an
437 3078 564 3142 semper
581 3056 723 3141 hospites
742 3055 885 3119 erimus?
906 3055 995 3117 ferae
1014 3072 1068 3116 cu-

61 3080 131 3208 lllle
143 3141 346 3227 prospiciunt
356 3150 388 3205 et
398 3161 476 3205 aves
485 3149 658 3204 senescunt
667 3139 702 3202 in
709 3139 797 3204 nido.
820 3140 849 3202 si
859 3137 1069 3203 fatallomam

26 3233 189 3310 ”negent
198 3225 346 3310 patriam,
359 3225 467 3288 saltim
480 3223 533 3287 hic
545 3244 676 3287 manere
691 3225 867 3306 contingat.
890 3220 967 3319 quid
982 3215 1069 3303 quod

62 3308 266 3375 consuetudo
281 3329 333 3372 res
348 3309 443 3372 fortis
458 3315 517 3371 est.
550 3319 582 3371 et
597 3328 672 3370 ecce
686 3307 750 3370 iam
764 3305 981 3369 familiaritate
994 3320 1062 3363 eon-

60 3395 157 3458 tinus
174 3392 291 3457 civitas
305 3391 400 3457 nobis
414 3393 486 3477 ipsa
502 3390 682 3472 blanditur,
705 3410 802 3475 quae,
827 3390 856 3451 si
871 3385 949 3473 quid
961 3382 1065 3447 credis

61 3474 145 3541 milri
160 3477 217 3563 qui
232 3475 332 3539 mults
343 3475 492 3552 coercui,
505 3474 644 3532 omnium
659 3494 766 3536 eamus
782 3492 864 3544 uuae
876 3470 915 3532 ad
929 3469 1012 3548 qnie'
1028 3488 1067 3529 ur
