2266 3832
44 113 112 158 v111
491 109 700 159 PRAEFATIO.

45 259 120 313 teras
143 272 224 326 quarn
253 272 282 326 p.
305 260 354 322 62,
377 259 408 314 7:
438 257 499 324 ipsa
524 256 617 324 capita
642 254 705 308 belli
729 255 878 325 adpressas
907 256 989 310 irrues
1015 266 1068 314 etc.

44 347 94 407 25,
107 346 140 398 21
151 340 236 411 foeda
252 339 331 393 clade
347 337 388 393 O:
405 337 429 409 f.
450 338 543 392 clades
558 337 628 391 BlN.
673 334 753 392 Nune
768 344 862 392 tamen
875 339 957 394 video
976 342 1074 397 clades
1095 361 1127 399 re

44 425 188 479 tiucudum
201 430 227 476 et
241 424 346 489 locum,
368 421 398 476 id
409 422 485 492 quod
497 422 602 476 monuit
610 420 804 489 Woellssinus,
827 423 867 476 sic
883 423 1114 497 interpungendu

44 522 127 564 esse:
144 509 286 564 vincimur.
305 506 392 579 foeda
412 506 504 560 clades
515 496 701 576 Romanisque
712 521 765 559 asa
775 507 925 577 iucopnitat
946 508 1022 563 maus
1039 512 1070 564 ia
1081 527 1127 566 ma

43 607 97 648 aas
107 592 221 646 lrastiam
232 592 303 646 aeait
313 596 365 645 etc.
385 589 424 646 ct
441 591 523 643 etiam
541 606 569 658 p.
584 593 627 656 26,
641 594 683 645 10.
694 618 737 628 -
747 594 789 657 25,
801 593 836 646 26
849 587 916 644 Cum
929 590 1024 647 cod.B
1037 592 1131 650 habea

43 670 330 742 nec**commutatio,
354 673 462 728 duabus
490 673 587 726 litteris
620 677 685 741 post
709 687 759 726 aec
784 673 888 740 erasis,
918 673 997 729 haud
1016 677 1078 732 scio
1105 695 1122 734 6

43 761 143 814 Florus
155 774 220 815 aeae
229 775 325 813 comm
339 758 493 827 scripserit.
517 757 604 810 Paulo
617 759 691 825 post,
710 757 756 810 ubi
768 756 803 810 BI
813 756 918 812 habent
930 773 965 813 ae
976 762 1107 832 amplias,

43 847 74 898 at
85 857 120 897 ae
130 841 433 912 amptius‚,nuncvide0
446 842 595 894 lectionem
604 845 634 892 at
649 854 699 893 aec
714 841 831 911 amplias
843 841 1046 897 restituendam
1059 861 1125 900 esse

44 929 80 982 et.
94 927 165 980 inira
177 927 213 981 ad
224 943 252 995 p.
268 929 310 994 68,
323 930 365 983 32.
378 955 418 963 —-
431 929 474 991 26,
488 923 613 994 lAppia]
626 922 709 977 immo
721 922 870 979 Publio-
882 930 930 992 26,
944 932 961 984 2
976 926 1012 981 60
1022 926 1067 982 lu's
1077 928 1124 984 ΒΟ

43 1011 81 1065 iol
91 1010 142 1076 ΙΝ,
166 1026 249 1081 quam
261 1012 408 1063 lectionem
422 1025 494 1063 nunc
507 1009 647 1078 praetera.
660 1036 703 1046 -
714 1012 758 1075 26,
772 1008 836 1063 aab
847 1011 879 1063 iis
893 1009 936 1063 lb:
954 1011 988 1065 ab
998 1010 1042 1065 tris
1054 1011 1128 1068 BNO

44 1123 86 1132 -
108 1098 158 1161 26,
179 1099 195 1148 5
214 1095 330 1148 classem
350 1095 405 1146 iam
420 1094 449 1146 ira
464 1089 564 1163 Africo
579 1093 653 1145 mari
674 1096 742 1163 aput
758 1091 935 1163 Aepimaram
953 1093 1071 1152 hostiam
1088 1095 1123 1149 Bl

44 1179 160 1232 classem
181 1178 296 1232 hostiam
313 1175 450 1248 inAfrico
467 1178 541 1241 mari
557 1175 634 1246 apud
649 1175 826 1246 Aepimaram
839 1177 895 1230 iam
910 1178 934 1232 N
942 1194 950 1244 ;
974 1178 1010 1232 cl.
1023 1177 1096 1234 lrasti

43 1264 73 1315 ia
84 1261 117 1316 Α.
135 1264 209 1316 mari
222 1267 289 1332 apat
302 1261 477 1331 Aepimaram
491 1261 609 1315 insulam
622 1258 643 1313 0
657 1275 693 1312 ex
704 1261 777 1314 coni.
790 1260 911 1330 HauptiI.
945 1261 976 1315 In
998 1263 1131 1333 scriptur.

43 1346 160 1400 hostiam
178 1345 245 1399 nihil
264 1345 340 1399 aliud
360 1345 446 1400 latere
460 1345 513 1398 uisi
534 1345 630 1398 ostiam
642 1343 713 1397 vidit
730 1344 950 1416 Mommsenius,
968 1351 997 1400 61
1013 1353 1057 1401 est
1073 1348 1103 1401 in
1125 1352 1132 1394 ²

44 1430 160 1485 leostiam
176 1445 225 1499 pro
244 1431 338 1483 ostium
353 1444 419 1498 pag.
431 1432 474 1493 59,
492 1432 526 1484 25
538 1429 616 1494 (item
629 1427 657 1479 in
670 1427 694 1481 N
705 1426 733 1481 h.
746 1428 778 1495 1.)
792 1434 818 1482 et
828 1444 856 1498 p.
869 1430 913 1498 87,
928 1433 970 1499 18,
984 1428 1075 1486 hostia
1086 1447 1133 1502 pr·

48 1511 123 1569 Ostia
139 1530 167 1582 p.
185 1518 235 1581 75,
254 1517 271 1570 6
286 1518 313 1564 61
329 1511 431 1565 similia
452 1511 508 1565 alia
530 1510 708 1580 aspirationis
728 1513 857 1581 exempla
867 1527 875 1580 ;
895 1529 923 1568 v.
942 1512 1030 1568 lahnii
1046 1515 1131 1584 praei

44 1614 73 1669 p.
96 1589 206 1650 XXXII.
240 1595 280 1648 De
296 1612 326 1648 re
342 1600 435 1648 autem
451 1597 486 1648 61.
503 1596 562 1648 Liv.
578 1593 670 1662 XXX,
692 1597 742 1651 m:
762 1597 913 1650 onerariae
926 1613 999 1666 pars
1014 1601 1095 1653 mari
1125 1621 1131 1645 ι

44 1680 85 1736 ad
100 1682 275 1750 Acpimaram
296 1679 407 1746 (insula
430 1693 463 1730 ea
484 1681 597 1732 simam
626 1677 666 1730 60
693 1680 764 1732 6116
785 1679 935 1743 claudit,
963 1683 991 1734 ia
1012 1698 1066 1752 pao
1085 1685 1131 1736 sit

46 1763 182 1834 Carthapo
198 1767 245 1829 est,
265 1764 375 1832 triplata
386 1761 451 1832 fere
463 1764 537 1816 milia
553 1762 588 1814 ab
599 1761 688 1831 arbe),
708 1763 781 1816 aliae
795 1763 928 1819 aduersas
938 1765 1033 1818 arbem
1047 1767 1110 1834 ipsa

44 1848 84 1900 ad
112 1846 222 1903 Cattelas
242 1845 336 1917 Aquas
353 1846 460 1900 delatae
484 1850 556 1900 suat.
597 1845 627 1898 In
646 1845 746 1900 eodem
765 1863 851 1900 versu
867 1849 979 1901 causale
999 1863 1016 1901 a
1036 1849 1072 1903 BI
1091 1852 1125 1903 ab

24 1985 25 1989 ,
45 1930 230 1986 esselahnius
241 1937 314 1984 recte
329 1931 374 1983 ille
382 1929 494 1999 quidem
503 1928 624 1993 tradidit,
640 1930 691 1984 sed
706 1937 748 1984 est
760 1931 789 1983 iu
799 1929 1128 2000 BpostBateoaerasura

44 2015 73 2069 in
91 2031 145 2085 qua
161 2015 267 2069 litterae
282 2029 311 2066 cs
327 2014 455 2068 videntur
472 2015 567 2068 latere.
604 2015 690 2067 Paulo
702 2020 766 2083 post
780 2030 877 2068 veram
889 2014 1036 2070 lectionem
1049 2033 1105 2087 pua

44 2104 139 2170 taspae
160 2098 242 2154 codd.
255 2097 382 2152 Iordanis
395 2105 469 2152 recte
487 2103 643 2155 servarunt.
657 2127 698 2136 -
719 2102 768 2167 26,
792 2100 826 2155 37
843 2096 992 2168 rabrpirrem
1007 2100 1042 2154 B:
1066 2099 1129 2154 rabi

43 2197 138 2254 penem
157 2181 214 2236 ΝΟ.
237 2209 279 2218 -
299 2185 341 2247 27,
358 2186 375 2239 4
392 2183 510 2253 liparas
526 2182 563 2235 B:
584 2181 700 2251 Lipares
711 2181 769 2236 ΝΟ.
795 2182 830 2235 61.
847 2180 987 2237 Sanmites
997 2201 1025 2254 pr
1043 2189 1085 2252 15,
1102 2188 1132 2241 31

45 2270 133 2330 6116,
159 2270 206 2331 10;
225 2265 394 2319 Macedonas
418 2283 444 2334 p.
465 2270 513 2330 35,
536 2269 579 2321 33.
600 2267 650 2333 to,
672 2270 697 2321 1.
720 2270 769 2330 52,
791 2269 841 2330 23;
867 2266 995 2321 Thracas
1011 2271 1061 2334 38,
1085 2272 1121 2324 20

47 2349 183 2402 Teutonas
204 2354 252 2416 50,
280 2353 331 2415 33,
364 2348 517 2402 Caledonas
537 2352 586 2410 61,
609 2351 658 2414 27;
683 2348 827 2419 Bituripas
850 2351 988 2407 Garamas
1005 2355 1055 2421 61,
1084 2354 1121 2408 34

45 2433 170 2488 Senonas
190 2434 238 2498 7-1,
259 2435 309 2498 24;
334 2432 432 2486 Cilicas
451 2435 499 2498 93,
523 2433 572 2497 34;
597 2432 763 2501 Autripoaas
786 2437 852 2502 103,
875 2439 908 2491 12
916 2450 924 2501 ;
950 2451 1133 2506 mpoparona

44 2519 87 2583 57,
105 2521 129 2571 1.
143 2545 184 2552 -
196 2516 238 2582 27,
252 2519 284 2572 18
295 2520 415 2569 amente:
437 2515 562 2570 humente
576 2515 629 2584 Blp
637 2530 645 2581 ;
660 2517 762 2570 amenti
775 2516 833 2571 ΝΟ.
856 2546 900 2556 -
913 2521 956 2587 27,
969 2522 1002 2576 19
1013 2534 1076 2573 caaz
1088 2521 1133 2574 ui

43 2601 154 2653 caluere
168 2599 413 2669 Bezzenbergerus
437 2606 463 2653 61
477 2599 694 2653 Mommsenius:
715 2615 777 2654 cam
797 2616 863 2655 marc
880 2602 1032 2669 calaere13
1054 2619 1110 2674 pua

45 2683 129 2754 (qaae
148 2683 185 2749 N)
200 2698 265 2737 moa
277 2684 331 2736 cal.
344 2683 424 2739 BNO.
443 2714 484 2723 —
501 2685 544 2749 27,
559 2688 594 2739 20
605 2682 667 2750 tear]
680 2684 789 2753 syllaba
806 2686 836 2738 ai
849 2685 877 2738 in
890 2686 913 2740 B
930 2690 974 2741 est
985 2687 1013 2741 in
1028 2702 1128 2742 rasura

44 2773 74 2819 61
89 2767 151 2821 tort.
167 2766 222 2821 teni
241 2767 418 2821 scribendum
434 2769 479 2824 sit.
495 2797 538 2807 -
558 2769 601 2836 27,
620 2773 655 2824 20
670 2782 755 2837 saepe
770 2773 795 2822 et
812 2770 884 2824 alias
897 2773 923 2825 et
938 2770 985 2840 Ipt
1006 2785 1093 2839 saepe
1113 2785 1128 2825 e

44 2850 115 2904 alias
128 2850 179 2905 sed
193 2850 255 2918 BN,
277 2851 343 2914 item
360 2850 396 2919 0,
412 2851 464 2905 sed
480 2849 526 2905 hic
541 2851 642 2905 lacuna
657 2868 693 2905 ex
705 2852 816 2923 Hauptii
832 2855 970 2909 sententia
986 2859 1051 2924 post
1065 2856 1133 2910 ali·

44 2933 211 3004 significata.
252 2934 345 2988 Lectio
358 2951 375 2989 6
389 2936 469 2990 nobis
487 2941 600 3004 recepta
615 2951 684 2990 vera
701 2935 827 3004 videtur3
851 2954 915 2993 uam
936 2937 1018 2994 affert
1032 2937 1133 2993 deind

43 3018 144 3072 Florus
159 3018 210 3072 tria
226 3024 292 3072 vota
309 3017 422 3073 aGallis
439 3019 560 3073 diversis
578 3019 746 3090 temporibus
762 3022 849 3090 lacta,
873 3037 945 3093 quae
963 3023 1117 3078 cumomni

45 3101 82 3155 ad
94 3101 168 3156 idem
181 3105 346 3172 spectarent,
358 3104 462 3172 pariter
471 3118 553 3156 secus
567 3107 1012 3177 cesserant.-28,2im1rerauit,
1025 3105 1103 3176 quod
1118 3112 1128 3156 t

46 3201 82 3239 ex
96 3186 118 3241 B
132 3187 262 3254 restituit,
282 3185 383 3256 legitur
397 3187 478 3241 etium
491 3187 520 3240 in
531 3187 589 3256 lbp.
610 3216 646 3225 -
664 3192 706 3253 28,
722 3192 753 3246 17
765 3194 910 3260 exceptam
923 3185 1054 3264 Annibal]
1071 3191 1100 3245 in
1121 3195 1133 3237 ²⁴

45 3268 91 3322 hic
108 3276 151 3325 est
171 3272 309 3340 scissura,
332 3287 386 3341 qua
399 3271 594 3340 desiderantur
611 3271 718 3325 litterae
729 3288 755 3326 m
771 3275 852 3344 arani,
872 3274 948 3344 quod
962 3272 1106 3329 monenda

43 3354 158 3423 putavi,
176 3372 211 3410 66
224 3355 314 3410 codici
331 3357 432 3427 optimo
445 3355 490 3410 hic
504 3370 554 3410 sua
565 3353 636 3410 fides
651 3354 809 3427 derogetur.
832 3387 866 3398 -
887 3362 930 3432 28,
942 3362 976 3418 23
989 3356 1133 3431 Sapientia
