2266 3832
143 176 185 238 66
501 179 744 236 EUTROPll

141 347 169 405 in
181 343 272 405 Gallia
285 343 427 402 Tetricum
438 342 513 419 apud
527 341 697 404 Catalaunos
713 345 776 421 ipso
783 342 898 403 Tetrico
916 344 1067 422 prodente

140 431 294 488 exercitum
306 445 401 501 suum,
427 428 506 484 cuius
519 426 647 487 assiduas
664 426 819 486 seditiones
833 427 911 486 lerre
926 445 989 489 non
1012 447 1065 508 po·

139 521 219 572 terat.
254 511 423 584 Quinetiam
436 528 486 587 per
498 510 593 570 literas
606 511 732 570 occultas
744 510 926 571 Aurelianum
946 515 989 573 ita
1000 513 1064 574 fue·

139 604 180 655 rat
202 594 385 673 deprecatus,
413 602 443 652 ut
465 595 537 653 inter
559 595 613 655 alia
632 614 717 653 versu
736 593 893 672 virgiliano
912 604 1064 658 uteretur:

143 677 237 755 Eripe
250 699 297 738 mc
311 679 358 737 lu's
370 680 481 738 irrriole
493 679 591 738 anulis.
606 679 768 738 -Zenobiam
779 694 906 756 quoque,
921 697 1003 757 quae
1012 699 1063 741 oc·

88 787 114 826 n.
141 764 201 821 ciso
223 761 370 821 Odenatbo
389 763 489 820 marito
506 760 650 821 Orientem
671 762 797 837 tenebat,
819 761 894 821 hand
910 761 1005 842 longe
1025 765 1062 825 ab

72 854 128 897 en.
139 845 288 905 Antiochia
307 847 368 904 sine
384 846 463 923 gravi
480 844 592 922 proelio
612 847 699 924 cepit,
717 848 922 924 ingressusque
935 846 1063 909 Romam

78 922 124 964 m
138 929 261 989 nobilem
279 929 446 1007 triumphum
458 931 538 1006 quasi
550 939 683 1008 receptor
694 928 817 989 Orientis
829 928 1062 1011 Occidentisque

139 1016 199 1092 egit
213 1031 324 1072 currum
336 1012 572 1090 praecedentibus
584 1012 697 1073 Tetrico
711 1021 739 1072 et
750 1013 885 1077 Zenobia.
922 1013 982 1087 Oui
996 1019 1060 1095 qui·

139 1098 202 1156 dem
220 1095 348 1155 Tetricus
366 1105 511 1156 corrector
528 1095 667 1157 Lucaniae
684 1106 784 1175 postea
800 1097 852 1156 fuit
873 1115 908 1156 ac
927 1100 1059 1176 privatus

79 1170 94 1187 ⁸
139 1182 295 1240 diutissime
306 1182 392 1249 vixit;
414 1180 540 1240 Zenobia
556 1190 648 1240 autem
662 1190 805 1259 posteros,
826 1182 873 1258 qni
886 1180 984 1241 adhuc
999 1202 1058 1244 ma-

138 1274 214 1338 nent,
228 1265 334 1325 liomae
345 1264 468 1343 reliquit.

201 1350 286 1409 Oiai».
306 1347 380 1408 XIV.
410 1348 472 1407 Hoc
493 1351 648 1426 imperante
666 1351 749 1409 etiam
768 1349 915 1407 monetarii
932 1349 961 1408 in
984 1351 1058 1411 urbe

139 1433 347 1493 rebellaverunt
358 1435 461 1492 vitiatis
476 1435 604 1509 pecuniis
621 1441 650 1491 et
670 1432 849 1492 Felicissimo
863 1432 997 1493 rationali
1014 1437 1055 1495 in·

139 1516 269 1576 terfecto.
298 1516 378 1588 Quos
389 1515 556 1574 Aurelianus
570 1518 662 1575 victos
680 1516 775 1576 ultima
790 1514 956 1576 crudelitate
974 1534 1055 1578 com·

139 1601 259 1676 pascuit.
283 1598 419 1658 Plurimos
430 1598 541 1658 nobiles
549 1603 642 1677 capite
652 1599 800 1660 damnavit.
824 1600 934 1659 Saevus
946 1610 976 1659 et
989 1619 1055 1662 san·

138 1685 298 1759 gemamus,
321 1700 354 1740 ac
375 1685 554 1741 necessarius
570 1685 659 1759 magis
677 1685 706 1742 in
720 1683 901 1762 quibusdam,
923 1701 1012 1762 quam
1026 1687 1056 1747 in

138 1764 196 1824 ullo
210 1764 335 1824 amabilis
347 1767 508 1841 imperator,
531 1765 606 1825 Trux
617 1770 691 1826 omni
703 1776 842 1845 tempore,
850 1769 933 1826 etiam
940 1767 992 1827 lilii
1005 1786 1054 1829 so·

138 1851 209 1915 roris
224 1849 397 1925 interlector,
411 1848 577 1926 disciplinae
589 1859 681 1910 tamen
693 1850 819 1911 militaris
834 1846 865 1910 et'
873 1867 982 1910 morum
994 1852 1054 1913 dis·

138 1933 291 1991 solutorum
307 1951 455 2009 magnaei
469 1942 548 2010 parte
560 1943 713 1993 corrector.

200 2016 283 2074 Can.
299 2015 360 2074 XV.
397 2016 501 2076 Urbem
517 2017 634 2077 liomam
655 2019 741 2078 muris
761 2019 929 2078 lirmioribus
950 2020 1052 2080 cinxit.

135 2098 280 2176 Templum
289 2100 348 2159 Soli
361 2100 529 2177 aedificavit,
540 2103 635 2180 inquo
646 2103 781 2162 inlinitum
792 2104 851 2161 auri
862 2120 1052 2180 gemmarum-

136 2201 192 2261 que
205 2185 358 2243 constituit.
391 2183 566 2245 Provinciam
583 2186 714 2262 Daciam,
735 2205 817 2265 quam
828 2184 964 2245 Traianus
975 2186 1052 2248 ultra

135 2268 291 2325 Danubium
304 2268 421 2344 lecerat,
438 2271 585 2328 intermisit
596 2278 704 2329 vastato
718 2271 792 2329 omni
803 2269 917 2344 Illyrico
930 2268 1051 2330 etlloe·

135 2353 177 2410 sia
193 2351 347 2428 desperans
365 2371 426 2410 eam
446 2369 533 2430 posse
545 2354 670 2427 retineri,
691 2348 885 2432 abductosque
900 2352 1051 2415 Romanos

135 2454 170 2493 en
184 2435 299 2493 urbibus
315 2442 343 2493 et
358 2436 434 2512 agris
446 2436 552 2494 Daciae
564 2437 592 2495 in
603 2437 694 2496 media
706 2436 816 2498 bloesia
831 2436 984 2497 collocavit
995 2457 1050 2516 ap-

135 2517 306 2596 pellauitque
322 2536 383 2576 eam
395 2518 526 2593 Daciam,
551 2538 623 2596 quae
636 2540 710 2580 nunc
726 2521 794 2582 duas
805 2520 929 2581 bloesias
946 2521 1051 2582 dividit

134 2611 162 2660 et
176 2603 256 2662 estin
271 2601 367 2660 dextra
379 2602 508 2661 Danubio
524 2603 551 2660 in
562 2621 638 2661 mare
649 2603 758 2680 liuenti,
782 2623 844 2664 cum
861 2613 942 2664 antea
960 2605 1050 2666 inerit

133 2688 161 2744 in
171 2685 261 2745 laeva.
290 2683 434 2744 Occiditur
445 2687 519 2744 servi
535 2687 578 2744 sui
594 2686 702 2762 fraude,
717 2690 765 2766 qui
776 2689 811 2748 ad
824 2688 961 2767 quosdam
972 2688 1049 2750 mili·

133 2778 208 2829 lares
225 2771 314 2844 viros,
332 2770 438 2828 amicos
450 2770 550 2847 ipsius,
568 2773 679 2829 nomina
691 2772 805 2847 pertulit
823 2781 952 2832 annotata
968 2772 1048 2834 falso

132 2872 240 2913 manum
257 2854 318 2911 eius
338 2854 475 2929 imitatus,
500 2861 628 2931 tanquam
650 2853 816 2915 Aurelianus
834 2858 913 2934 ipsos
931 2867 1049 2934 pararet

133 2937 276 2996 occidere.
312 2935 410 3015 ltaque
430 2945 460 2994 ut
473 2938 694 3014 praeveniretur,
715 2938 749 2997 ab
764 2938 863 2998 iisdem
876 2939 1047 3002 interiectus

133 3029 177 3080 est
189 3023 217 3080 in
232 3021 339 3080 itineris
350 3019 460 3095 medio,
483 3020 558 3098 quod
577 3021 647 3079 inter
659 3019 922 3102 Constantinopolin
939 3033 968 3082 et
985 3023 1046 3085 He-

132 3103 253 3164 racleam
265 3111 309 3163 est
321 3113 422 3163 stratae
433 3105 548 3162 veteris.
582 3101 674 3162 locus
687 3103 929 3188 Caenophrurium
940 3109 1045 3187 appel·

131 3189 210 3249 latur.
226 3187 303 3248 blors
314 3196 406 3248 tamen
418 3189 479 3246 eius
490 3186 575 3246 inulta
585 3203 641 3245 non
653 3187 712 3251 luit.
730 3188 831 3249 bleruit
842 3209 957 3270 qnoque
967 3193 1047 3255 inter

132 3271 221 3334 Divos
231 3273 341 3332 referri.
369 3270 518 3349 Imperavit
532 3287 619 3330 annos
634 3273 768 3349 utrinque,
781 3292 894 3335 menses
910 3295 948 3334 vi.

193 3356 275 3418 Onu.
287 3354 362 3416 XVl.
370 3354 437 3434 (X.)
453 3353 565 3414 Tacitus
578 3363 643 3431 post
654 3354 727 3413 bunc
739 3361 866 3436 suscepit
877 3360 1041 3441 imperium,
