2266 3832
380 225 424 307 11,
435 227 572 291 30-33
588 224 664 313 [1111,
683 226 742 314 12].
1007 230 1066 293 103

59 414 198 483 prcssus
215 390 326 492 gladio
346 400 379 491 et
401 412 499 478 pyra,
528 393 564 456 in
584 412 680 479 quam
704 415 740 457 se
760 414 950 492 percussum
971 393 1068 459 inmi-

61 479 123 560 sit,
145 484 312 563 superstiti
332 484 431 541 etiam
452 496 538 541 nunc
562 475 696 541 Caesari
718 485 796 541 satra
816 476 904 541 fecit.

143 604 313 673 XXXIII.
351 606 537 673 BELLVM
566 607 894 678 CANTABRICVM
919 611 980 676 ET

427 689 700 759 ASTVRICVM.

38 830 53 871 a
150 806 220 873 Sub
234 826 351 872 occasu
365 815 482 893 pacata
499 817 569 872 erat
591 808 661 874 fere
678 813 782 876 omnia
801 812 978 898 Hispania,
1001 813 1112 890 nisi45

62 912 163 991 quarn
184 890 347 977 Pyrenaei
373 890 551 955 desinentis
577 894 718 978 scopulis
744 894 966 961 inhaerentem
988 897 1065 960 cite·

61 996 133 1040 nor
154 972 309 1039 adluebat
330 972 490 1038 Oceanus.
518 974 572 1039 bic
593 974 676 1041 duae
698 976 918 1043 validissimae
940 987 1065 1063 gentes,

65 1056 225 1123 Cantabri
245 1065 278 1122 et
293 1056 445 1139 Astures,
468 1059 615 1123 inmunes
636 1061 764 1145 imperii
780 1063 957 1146 agitabant.
981 1062 1108 1130 Can-et

62 1141 232 1207 abrorum
260 1148 294 1205 ct
317 1140 407 1227 prior
428 1150 461 1204 et
481 1143 588 1206 acrior
607 1151 641 1206 et
660 1145 765 1228 magis
786 1147 939 1230 pertinax
958 1147 993 1209 in
1015 1168 1065 1211 re·

27 1222 218 1291 rebellando
250 1224 376 1288 auinms
408 1223 488 1306 brit,
524 1227 580 1310 qui
609 1247 675 1290 non
707 1230 849 1293 contenti
881 1229 1066 1293 libertatem

64 1328 159 1373 suam
179 1306 355 1373 defendere
397 1309 531 1372 roximia
548 1311 645 1372 etiam
662 1312 846 1396 imperitare
862 1312 1065 1397 temptabant

63 1390 295 1477 Vaccaeosque
321 1399 354 1454 et
478 1412 558 1475 ogos
583 1401 615 1456 et
633 1394 832 1478 Autrigonas
862 1395 985 1460 crebris
1015 1397 1063 1459 in·

63 1473 269 1541 cursionibus
290 1472 482 1559 fatigabant.
515 1476 550 1539 in
571 1475 629 1540 hos
651 1478 751 1560 igitur
757 1526 766 1558 ,
816 1480 871 1541 uia
891 1479 1109 1548 schemen-48

62 1560 130 1624 tius
156 1578 255 1642 agere
280 1558 525 1639 nuntiabantur,
552 1580 618 1622 non
643 1568 692 1623 est
715 1582 797 1646 expe
824 1563 879 1627 'tio
901 1563 1063 1643 mandata,

29 1640 126 1707 tseed
140 1648 278 1727 sumptu.
300 1641 371 1727 ipse
388 1643 479 1706 venit
490 1640 706 1725 Segisamam,
725 1653 832 1708 castra
846 1647 969 1729 posuit,
987 1646 1064 1710 inde

61 1724 226 1809 tmpertito
242 1724 389 1789 exercitu
405 1733 506 1790 totam
518 1724 728 1791 Cantabriam
744 1727 913 1813 amplexus
932 1729 1066 1792 efferam

62 1814 196 1894 gentem
215 1807 282 1871 ritu
301 1806 445 1873 serarum
466 1809 559 1894 quasi
579 1810 717 1894 quadam
740 1810 877 1896 cogebat
896 1811 1063 1895 indagine.

61 1910 126 1957 uec
146 1889 188 1955 ab
205 1888 336 1955 Oceano
357 1893 463 1977 quies,
484 1912 558 1956 cum
575 1891 695 1956 infesta
717 1893 820 1958 classe
843 1895 914 1979 ipsa
935 1898 1110 1982 quoquett)

60 1984 159 2061 terga
184 1973 326 2040 bostium
352 1974 574 2040 caederentur.
600 1977 739 2059 primum
768 1977 923 2042 adversus
947 1977 1066 2043 Canta2

28 2058 143 2125 aubroc
167 2057 228 2123 sub
249 2057 418 2122 moenibus
438 2056 600 2142 Bergidae
622 2060 823 2143 proeliatum.
857 2060 933 2124 hinc
956 2062 1063 2125 statim

63 2142 146 2241 fuga
164 2142 200 2205 in
221 2142 509 2207 emiuentissimum
526 2140 682 2205 Vindium
701 2152 843 2207 montem
847 2190 857 2223 ,
881 2165 943 2229 quo
962 2145 1066 2207 maria

85 2244 156 2289 nus
173 2223 297 2290 Oceani
319 2246 415 2324 quam
437 2245 528 2288 arma
546 2224 694 2290 Romana
714 2242 890 2291 ascensura
908 2248 981 2290 esse
997 2247 1064 2290 cre-

89 2308 227 2373 ‘deraut
261 2316 357 2373 tertre
378 2308 565 2372 Aracelium
594 2309 748 2392 oppidum
776 2331 830 2372 ma
877 2310 951 2373 avi
972 2324 1111 2394 repa-ao

64 2400 162 2477 guat·
194 2399 326 2477 captum
355 2400 465 2455 tamen
496 2399 657 2476 postremo
689 2391 752 2456 fuit
779 2393 834 2457 Me
856 2393 915 2457 ulli
946 2393 1065 2457 montis

30 2438 209 2555 reobsidio,
236 2496 333 2560 quem
355 2484 513 2573 perpetua
539 2474 652 2537 decem
677 2484 710 2539 et
736 2485 808 2541 octo
830 2476 954 2540 milium
975 2476 1066 2541 fossa

64 2557 324 2644 conprehensum
350 2558 431 2622 undr
453 2579 495 2622 ue
520 2557 616 2621 simul
644 2556 784 2623 adeunte
805 2560 950 2624 Romano
1001 2568 1053 2625 ost
1084 2631 1088 2639 ¹

64 2660 166 2729 quam
196 2650 342 2707 extrema
371 2581 507 2705 barbari
537 2641 665 2722 vident,
698 2644 847 2706 certatim
873 2645 950 2727 igne
976 2581 1064 2708 derra

63 2744 272 2810 venenoque,
302 2725 390 2811 quod
416 2724 463 2789 ibi
490 2723 588 2810 volgo
616 2732 713 2789 taxeo
736 2728 940 2811 exprimitur,
972 2747 1065 2811 prae·

65 2828 184 2895 cepero
205 2817 353 2892 mortem,
377 2830 412 2873 se
435 2829 476 2872 ue
497 2829 573 2894 pars
594 2809 737 2873 maiora
760 2811 960 2908 captivitate,
984 2830 1066 2895 quae

31 2900 173 2957 mmorte
194 2892 326 2975 gravior
346 2892 389 2957 ad
407 2831 583 2977 idtempus
600 2890 766 2956 indomitis
782 2892 971 2973 vrdebatur,
995 2893 1067 2955 vin·

64 2976 269 3041 dicaverunt.
300 2974 381 3040 baec
407 2997 466 3061 per
493 2975 673 3039 Antistium
693 2975 913 3075 Furniumque
941 2975 1066 3061 legatos
1075 2982 1107 3033 51

66 3067 100 3123 et
119 3058 304 3144 Agrippam
324 3058 502 3124 hibernans
521 3061 557 3122 in
578 3056 773 3122 Tarraconis
797 3060 966 3123 maritimis
986 3058 1066 3123 Cae-

67 3162 124 3205 sar
145 3142 281 3239 accepit.
302 3163 380 3207 mox
399 3143 470 3228 ipse
486 3162 642 3227 praesens
659 3140 718 3207 hos
739 3142 875 3207 deduxit
889 3141 1062 3221 montibus,
1074 3153 1109 3201 52

66 3224 129 3290 bos
157 3223 325 3289 obsrdibus
353 3226 519 3306 astrinxit,
551 3226 610 3289 hos
642 3225 703 3288 sub
735 3246 854 3291 corona
885 3228 955 3290 iure
986 3223 1065 3288 belli

36 3306 280 3375 avenundedit.
313 3308 412 3392 digna
442 3330 495 3375 res
526 3309 638 3388 lauro,
676 3308 775 3392 digna
809 3330 906 3372 curru
938 3307 1109 3373 senatuitt

66 3392 142 3455 visa
162 3399 230 3473 θεῖς
253 3390 312 3456 sed
332 3392 398 3456 iam
416 3401 525 3457 tantus
548 3399 617 3456 erat
634 3390 770 3472 Caesar,
797 3392 910 3475 augeri
925 3398 1065 3455 oontem-

66 3480 161 3541 neret
187 3476 226 3539 ut¹
255 3474 427 3560 triumpho.
460 3475 598 3539 Astures
628 3495 687 3559 per
717 3473 752 3538 id
783 3483 910 3559 tempus
938 3473 1109 3559 ingentiot
