2266 3832
88 199 128 261 36
445 205 730 257 rnonrrrrruous.

87 363 165 428 bal?
181 361 308 425 sedrex
318 361 385 424 suis
396 358 510 444 opibus
527 367 560 422 st
571 358 701 424 nomine
714 358 805 456 regio
817 356 921 422 fretus
932 358 1026 423 'satis
1036 357 1090 423 ha·

63 446 158 528 7buit
168 444 291 509 bellum
300 464 441 508 movere.
468 441 602 526 Europa
618 442 683 505 iam
694 439 793 506 dubro
803 439 918 527 procul
929 443 1004 506 iure
1011 440 1091 507 belli

89 531 131 593 ad
142 529 304 593 Romanos
314 524 507 610 pertinebat.
522 524 576 588 hic
586 522 837 609 Lysimachiam,
847 522 965 589 urbem
975 525 1013 589 in
1022 524 1091 591 lito

88 606 629 693 reThraciopositamameioribus
640 608 717 688 suis,
728 606 910 671 Antiochus
920 616 958 671 ut
968 607 1092 677 haedi-

62 695 171 778 gtario
182 695 254 757 iure
264 690 440 775 repetebat.
472 691 534 755 hoc
544 690 635 754 velut
646 690 752 755 sidere
761 690 900 754 Asiatici
909 689 994 754 belli
1008 700 1111 757 motas

88 785 273 861 tempestas.
308 783 358 837 set
368 775 527 838 maximus
540 794 662 858 regum,
678 781 847 839 contentus
866 772 998 839 fortiter
1011 774 1093 839 indi-

86 858 312 939 xissebellum,
320 879 393 920 cum
405 858 530 940 ingenti
542 857 679 942 strepitu
686 877 726 921 ao
733 855 874 921 tumultu
883 857 1043 923 movisset
1053 878 1094 922 ex

87 943 178 1021 Asia,
195 941 359 1025 occupatis
373 941 482 1003 statim
492 939 609 1003 insulis
625 939 847 1025 Graeciaeque
861 939 1016 1005 litoribus
1029 941 1094 1007 otia

61 1020 592 1110 oetluxusquasivictoragitabat.
604 1021 762 1087 Euboean
770 1021 1094 1089 insulamcontinenti

88 1107 318 1171 adhaerentem
333 1107 425 1169 tenui
445 1106 529 1170 freto
544 1104 819 1191 reciprocantibus
837 1106 932 1192 aquis
946 1106 1090 1194 Euripus
1099 1129 1118 1171 ro

88 1189 259 1254 abscindit.
303 1190 357 1253 hic
384 1188 439 1254 ille
459 1190 574 1274 positis
604 1190 711 1252 aureis
741 1189 918 1276 sericisque
944 1192 1093 1255 tentoriis

89 1273 149 1338 sub
169 1275 240 1357 ipso
263 1273 340 1338 freti
361 1294 534 1354 murmure,
557 1293 630 1336 curn
647 1271 862 1371 praefluentes
884 1293 991 1359 aquae
1006 1273 1094 1340 tibiis

87 1356 271 1443 fidibusque
293 1356 514 1436 concinerent,
545 1355 681 1420 conlatis
702 1355 846 1442 undique
867 1358 1095 1443 quamvisper

88 1439 225 1504 hiemem
242 1441 334 1518 rosis,
353 1460 395 1503 ne
416 1460 482 1504 non
503 1438 611 1523 aliquo
627 1460 747 1523 genere
764 1438 880 1503 ducem
897 1449 1021 1525 ageret,
1031 1443 1094 1506 vir·

47 1540 80 1590 10
88 1525 200 1607 ginum
209 1544 445 1606 puerorumque
461 1523 596 1586 dilectus
607 1521 757 1587 habebat.
781 1523 879 1587 talem
891 1545 970 1608 ergo
982 1544 1093 1609 regem
1101 1540 1120 1581 ¹⁶

89 1607 154 1668 iam
177 1604 307 1669 luxuria
328 1626 386 1667 sua
409 1604 606 1670 debellatum
630 1605 738 1670 Acilio
760 1605 938 1671 Glabrione
962 1607 1094 1673 consule

88 1687 226 1772 populus
248 1687 412 1751 Romanus
433 1689 468 1749 in
490 1687 597 1751 insula
617 1689 791 1773 adgressus
810 1691 881 1774 ipso
907 1692 1019 1755 statim
1040 1690 1094 1756 ad·

50 1778 206 1842 nventus
222 1772 273 1833 sui
288 1772 400 1834 nuntio
420 1779 477 1834 co'e'
500 1772 526 1834 it
547 1771 587 1835 ab
609 1772 716 1835 insula
733 1771 859 1857 fugere.
884 1782 955 1837 tum
969 1776 1094 1860 praeei-

111 1855 187 1917 item
206 1862 283 1938 aput
302 1853 463 1938 Thermop
478 1793 536 1918 las
552 1855 734 1937 adsecutus,
751 1855 859 1920 locum
874 1864 1093 1924 trecentorum

88 1876 254 2001 husonum
277 1937 423 2036 speciosa
444 1877 536 2001 clade
558 1939 811 2020 memorandum,
834 1961 876 2004 ne
892 1940 940 2003 ibi
961 1942 1093 2027 quidem
1101 1951 1123 1992 ²⁰

88 2020 208 2084 fiducia
238 2020 302 2085 loci
328 2022 532 2085 resistentem
560 2023 643 2086 mari
668 2042 707 2086 ac
726 2031 814 2086 terra
836 2022 952 2088 cedere
973 2033 1034 2090 coc'
1060 2026 1093 2089 ·t.

48 2124 80 2173 12
90 2106 199 2168 statim
221 2114 253 2168 et
274 2128 291 2169 e
315 2107 454 2189 vestigio
477 2107 543 2169 itur
562 2106 596 2168 in
617 2103 756 2190 Syriam.
793 2106 907 2170 classis
925 2108 1020 2190 regia
1062 2128 1094 2172 o·

28 2234 32 2239 ,
89 2188 264 2273 lyxenidae
280 2188 499 2274 Annibalique
517 2189 688 2253 commissa
703 2225 746 2236 -
765 2208 842 2252 nam
858 2211 919 2253 rex
934 2190 1095 2274 proelium

88 2293 149 2335 neo
173 2280 318 2356 spectare
364 2281 476 2353 oterat,
496 2309 539 2320 -—
560 2272 640 2335 duce
661 2271 801 2337 Aemilio
826 2271 863 2353 R·
900 2272 971 2353 'lo,
1002 2273 1094 2338 adre-

48 2356 133 2427 13mi
159 2354 288 2418 antibus
310 2294 445 2418 Rhodiis
472 2362 541 2418 tota
567 2355 737 2419 laceratur.
780 2376 822 2420 ne
849 2357 878 2419 si
901 2356 913 2418 i
941 2355 1123 2441 praesenta

89 2440 120 2499 A
158 2457 246 2517 enac,
269 2439 304 2500 in
325 2437 486 2501 Antiocho
504 2439 642 2501 vicimus
660 2437 807 2519 Xerxen,
829 2440 865 2502 in
878 2438 1020 2504 Aemilio
1038 2439 1095 2504 Al-

89 2518 250 2583 cibiadem
272 2541 310 2582 ae
333 2521 497 2600 uarimus,
524 2520 654 2606 Epheso
677 2519 841 2585 Salamina
870 2523 1093 2608 pensavimus.

48 2615 80 2664 14
90 2609 158 2665 tum
173 2541 480 2687 consule‘bcipione,
501 2605 553 2667 cui
569 2604 678 2685 frater,
705 2604 762 2668 ille
778 2605 873 2672 modo
889 2607 995 2672 victor
1016 2605 1094 2672 Oar-

88 2684 231 2769 thaginis
250 2686 436 2767 Africanus,
460 2688 572 2751 aderat
594 2687 778 2752 voluntaria
791 2688 963 2774 legatione,
984 2688 1094 2754 debel-

89 2766 150 2831 lari
166 2790 278 2853 regem
298 2768 415 2856 placet.
449 2778 481 2833 et
502 2772 568 2833 iam
589 2780 656 2835 toto
679 2780 821 2836 cesserat
838 2774 930 2854 mari,
953 2773 1013 2838 sed
1033 2794 1126 2839 nosco

48 2853 171 2915 nimus
193 2852 338 2917 ulterius.
372 2853 585 2918 Maeandrum
607 2854 649 2918 ad
670 2876 798 2919 amnem
820 2865 1026 2943 montemque
1046 2854 1094 2921 Si·

87 2934 200 3018 pylum
211 2946 318 3000 castra
327 2945 500 3020 ponuntur.
526 2937 580 3000 hic
595 2960 657 3001 rex
673 2939 864 3004 incredibile
875 2938 965 3004 dictu
976 2939 1094 3038 quibus

48 3017 229 3100 loauxiliis,
253 3018 369 3105 quibus
391 3041 428 3085 co
452 3021 492 3084 iis
520 3021 720 3085 consederat.
763 3032 908 3088 trecenta
929 3022 1020 3087 milia
1039 3044 1095 3109 pe·

89 3100 199 3182 ditum,
226 3105 370 3248 equiturn
387 3042 642 3189 salbatorumque
660 3127 812 3169 curruum
828 3129 894 3171 non
911 3107 1017 3172 minor
1035 3128 1094 3170 nu-

88 3205 204 3248 merus.
235 3206 252 3248 e
267 3185 413 3271 ephantis
431 3187 474 3251 ad
492 3187 554 3253 hoc
569 3190 735 3253 inmensae
750 3189 993 3274 magnitudinis,
1011 3210 1127 3256 aurcos

87 3289 230 3353 purpura
246 3278 380 3353 argento
400 3279 431 3333 et
448 3293 506 3336 suo
524 3269 620 3336 ebore
639 3272 849 3356 fulgentibus,
866 3274 970 3337 aciem
980 3275 1091 3337 utrim-

45 3368 78 3417 17
88 3372 150 3435 que
167 3353 355 3417 vallaverat.
379 3354 438 3418 sed
453 3353 533 3418 haec
550 3355 658 3417 omnia
669 3357 858 3440 praepedita
868 3355 1092 3439 magnitudine

88 3454 156 3517 sua,
173 3437 215 3500 ad
231 3437 293 3503 hoc
309 3436 420 3509 imbre,
439 3440 491 3514 qui
513 3437 618 3502 subito
632 3438 818 3498 anna-aum.
838 3441 920 3502 mira
935 3439 1092 3503 felicitate
