2266 3832
388 194 415 276 I,
427 198 561 257 45-47
579 193 640 281 [n1,
655 196 812 282 10-121.
1058 197 1100 258 63

93 361 247 448 primum,
268 360 325 446 qni
343 359 431 425 solus
452 368 485 423 et
506 360 686 425 subvehere
707 368 902 424 commeatus
925 369 957 423 et
973 362 1099 423 munire

119 452 224 509 oterat
239 464 260 507 a
276 454 369 527 tergo
389 442 520 508 relictus
530 442 722 529 Euphrates,
739 443 814 507 dum
830 441 978 507 simulato
995 453 1098 506 trans-

94 466 198 611 lugae
218 526 347 591 cuidam
401 530 516 591 uzarae
537 525 619 612 Syro
639 526 791 591 creditur.
822 536 890 589 turn
907 528 942 590 in
959 525 1097 588 mediam

95 630 283 708 camporum
298 610 484 673 vastitatem
503 610 615 674 eodem
637 611 718 674 duce
740 610 854 673 ductus
872 610 1041 691 exercitus,
1062 618 1099 672 ut

69 692 240 779 sundrque
256 691 342 755 hosti
352 702 575 777 exponeretur.
592 695 700 779 itaque
718 693 854 757 vixdum
870 701 1004 756 venerat
1020 693 1126 756 Gara

93 775 189 857 rhas,
217 796 290 839 cum
317 775 459 861 undique
479 775 636 860 praefecti
655 775 742 860 regis
765 774 886 840 Silaces
914 786 946 840 ot
967 774 1097 840 Sirenas

94 858 267 925 ostendere
284 859 379 943 signa
393 880 471 923 auro
488 860 662 946 sericisque
679 858 808 923 vexillis
825 858 997 923 vibrantia.
1020 867 1097 922 tunc

93 943 167 1007 sine
180 962 270 1006 mora
281 941 467 1005 circumfusi
480 941 622 1028 undique
638 943 797 1030 equitatus
812 943 847 1005 in
861 943 991 1007 modurn
1003 962 1097 1025 gran·

94 1024 220 1091 diuisa
254 1047 295 1089 ue
316 1024 498 1089 nimborum
520 1025 620 1088 densa
640 1026 761 1111 paritor
777 1025 842 1089 tela
859 1026 1021 1089 fuderunt.
1050 1026 1097 1087 sic

59 1108 237 1173 romiserab
264 1109 271 1124 '
294 1118 402 1192 strage
421 1107 544 1172 deletus
562 1111 732 1173 exercitus.
759 1109 830 1193 ipsc
847 1110 882 1172 in
892 1109 1124 1193 conloquiumt)

94 1190 303 1272 sollicitatus,
332 1191 425 1275 signo
448 1189 522 1255 dato
544 1192 640 1255 vivus
662 1192 801 1256 hostium
827 1193 861 1254 in
883 1213 996 1255 manus
1019 1192 1096 1254 inci-

94 1274 206 1357 disset,
227 1274 292 1337 nisi
312 1273 450 1338 tribunis
470 1274 702 1339 reluctantibus
725 1274 834 1357 fugam
857 1274 948 1338 ducis
966 1274 1097 1337 barbari

92 1357 182 1423 ferro
203 1366 425 1444 occupassent.
457 1355 515 1443 [sio
535 1380 661 1445 quoque
682 1358 817 1422 relatum
841 1368 937 1442 caput
957 1355 1096 1420 ludibrio

92 1440 242 1506 hostibus
262 1440 347 1528 fuit]
382 1440 484 1504 filium
506 1440 597 1505 ducis
624 1463 729 1540 paene
747 1442 781 1504 in
803 1450 977 1525 conspectu
994 1440 1119 1525 patrisl

58 1524 185 1589 ¹³idem
201 1524 274 1589 telis
292 1532 495 1610 operuerunt.
518 1523 673 1611 reliqmae
692 1522 832 1587 infelicis
844 1524 1014 1604 exercitus,
1033 1542 1095 1608 quo

93 1629 254 1706 quemque
275 1608 382 1692 rapuit
402 1607 490 1692 fuga,
511 1608 546 1670 in
565 1609 762 1689 Armeniam,
786 1606 933 1672 Ciliciam
955 1605 1095 1693 Syriam-

93 1712 158 1789 ‹pue
179 1690 367 1772 manactae,
393 1691 453 1753 rix
472 1691 619 1754 nuntium
641 1690 742 1755 cladis
764 1689 966 1755 rettulerunt.
1000 1695 1118 1775 caputl

92 1794 165 1838 erus
183 1775 322 1838 recisum
342 1795 415 1837 cum
438 1773 572 1838 dextera
591 1796 689 1838 manu
708 1774 751 1837 ad
770 1795 881 1859 regem
898 1781 1096 1859 reportatum

91 1854 234 1921 ludibrio
255 1856 326 1940 fuit,
343 1878 448 1942 neque
469 1856 613 1942 indigno.
644 1879 757 1921 aurum
776 1859 862 1921 enim
882 1856 1040 1943 liquidum
1061 1856 1096 1917 in

57 1940 213 2005 arictum
234 1941 299 2005 oris
320 1939 463 2004 infusum
485 1948 542 2022 est,
564 1949 600 2004 ut
621 1942 711 2005 cuius
734 1941 859 2004 animus
880 1948 1003 2004 arserat
1024 1938 1096 2001 auri

92 2022 278 2108 cupiditate,
294 2024 362 2087 cius
381 2024 476 2086 etiam
493 2032 652 2089 mortuum
672 2032 704 2088 ot
720 2045 867 2107 exangue
886 2043 1000 2107 corpus
1016 2042 1095 2084 auro

90 2115 252 2172 ureretur.

286 2240 425 2306 XLVII.
454 2238 898 2307 ANACEPHALAEOSIS.

176 2358 268 2423 Haeo
279 2368 328 2423 est
338 2358 395 2423 illa
404 2361 500 2423 tertia
516 2368 604 2423 aetas
616 2358 728 2445 populi
738 2358 876 2423 Romani
893 2365 1105 2436 transma-nl,

54 2442 174 2523 arina,
196 2462 260 2527 qua
276 2441 373 2506 Italia
381 2442 536 2528 progredi
557 2465 654 2506 ausus
673 2441 750 2507 orbe
768 2451 835 2507 toto
853 2462 942 2504 arma
961 2441 1093 2504 circum-

89 2524 176 2589 tulit.
210 2526 301 2590 cuius
323 2526 438 2589 aetatis
457 2527 637 2611 superiores
655 2535 783 2590 centum
804 2525 880 2588 anni
905 2525 1024 2606 sancti,
1045 2524 1119 2612 Pil2

90 2614 133 2689 et,
154 2615 190 2671 ut
211 2606 367 2690 diximus,
389 2610 494 2691 aurei,
519 2610 589 2673 sine
610 2609 748 2694 flagitio,
771 2610 840 2673 sinc
860 2607 996 2688 scelere,
1017 2608 1093 2672 dum

89 2692 218 2755 sincera
232 2691 338 2756 adhuc
355 2700 387 2756 et
407 2693 541 2757 innoxia
555 2694 716 2778 pastoriae
733 2693 820 2757 illius
838 2702 946 2756 sectae
961 2692 1091 2775 integri-

88 2782 151 2856 tas,
175 2774 314 2861 dumque
328 2775 511 2840 Poenorum
531 2776 671 2840 hostium
692 2777 852 2841 inminens
871 2783 974 2838 motus
998 2775 1092 2838 disci-

54 2876 82 2919 to
112 2856 213 2921 linarn
227 2858 577 2923 veteremcontinebat.
599 2861 720 2945 posteri
735 2868 871 2941 centurn,
908 2879 999 2921 uosa
1014 2856 1118 2921 Car-3

87 2878 243 3025 lhagiuis,
263 2941 411 3007 Corinthi
423 2940 681 3029 Numantiaeque
699 2943 835 3008 excidiis
849 2952 881 3006 et
887 2881 993 3006 httali
1005 2942 1092 3024 regis

86 3024 237 3089 Asiatica
250 3023 428 3089 hereditate
449 3024 640 3090 deduximus
663 3028 698 3090 in
714 3026 890 3090 Caesarem
909 3034 941 3089 et
957 3024 1092 3108 Pompe-

87 3106 157 3171 ium
176 3115 385 3194 secutumque
405 3107 478 3190 hos,
510 3109 550 3173 de
572 3131 634 3194 quo
656 3110 816 3192 dicemus,
835 3112 1034 3194 Augustum,
1056 3115 1093 3169 ut

88 3188 238 3255 claritate
253 3212 360 3255 rerum
371 3191 562 3256 bellicarum
576 3193 750 3277 magnifici,
766 3195 811 3257 ita
825 3192 1008 3258 domesticis
1027 3190 1091 3253 cla·

53 3270 187 3337 aeduus
212 3274 323 3338 miseri
352 3283 384 3339 et
413 3274 635 3339 erubescendi.
680 3278 797 3423 quippe
823 3279 906 3340 sicut
938 3273 1105 3337 Galliam«

87 3354 271 3439 Thraciam,
295 3357 451 3441 Ciliciam,
470 3357 716 3444 Cappadociam,
734 3382 755 3423 u
781 3362 913 3425 errimas
929 3354 1082 3420 validissi*

84 3459 221 3510 mssone
241 3439 441 3526 provincias,
469 3443 632 3505 Armanas
683 3445 758 3492 *ἣν
786 3464 812 3498 et
844 3442 1027 3520 Rritnnnns,
1054 3460 1085 3490 rr
