2266 3832
87 223 134 285 26
465 230 561 279 nvcn
581 232 728 281 alapam

89 387 213 450 Bareas
233 385 478 470 cognominatus
499 392 558 463 est,
576 384 681 470 primo
692 383 818 449 Punico
839 382 929 450 bello
948 409 1094 473 magnam

90 486 215 618 partem
237 470 417 555 Hispaniae
436 465 497 531 sub
518 466 735 551 imperiumC
855 470 863 485 '
891 471 1032 535 ‘ensium
1050 495 1094 537 re·

115 576 134 617 e
159 557 183 617 't
195 555 317 618 relictis
329 551 406 614 filiis
419 558 587 636 quattuor,
608 549 809 633 Asdrubale,
912 552 1014 636 'bale,
1033 555 1095 620 Ha·

62 644 84 696 3
128 640 224 701 'care
247 648 279 699 ot
298 636 451 719 Magone.
494 632 675 714 Asdrubal,
705 634 809 699 frater
823 636 1018 720 Annibalis,
1045 640 1096 726 qui

90 721 234 785 secundo
247 720 372 784 Punico
393 717 481 782 bello
494 738 568 780 cum
587 717 775 800 ingentibus
796 720 900 806 copiis
922 721 966 785 ab
980 721 1121 871 Hisplss

89 806 146 867 nia
156 806 308 884 veniens,
328 811 502 886 antequam
516 822 552 866 se
565 800 660 864 fratri
677 803 901 887 coniungeret,
922 825 944 868 a
960 804 1046 871 Clau
1068 807 1096 870 'o

89 886 220 952 Nerone
242 885 443 972 exspoliatus
465 892 524 948 est.

272 1035 455 1101 XXXVH.
500 1036 649 1103 REGES
669 1037 912 1104 NVMIDIAE.

174 1175 324 1262 Syphax,
346 1196 442 1261 quem
460 1171 570 1259 Scipio
589 1174 766 1239 Africanus
788 1177 912 1240 victum
928 1176 967 1241 in
985 1180 1095 1243 trium·

85 1260 188 1347 phum
206 1261 308 1324 traxit
328 1279 494 1343 regnoque
515 1259 585 1322 eius
606 1259 759 1406 imposuit
771 1258 994 1327 Masinissam.
1027 1262 1124 1331 lla-ro

87 1346 208 1408 sinissa
234 1367 309 1424 rex,
337 1343 394 1428 qui
414 1340 598 1427 Scipionem
623 1363 644 1404 a
667 1363 780 1407 versus
804 1341 1041 1431 Carthaginem
1066 1355 1096 1412 et

85 1427 112 1493 S
157 1429 272 1492 haccm
294 1450 312 1491 e
334 1429 438 1490 uitatu
459 1426 600 1489 adiuvit:
622 1425 665 1491 ab
687 1448 724 1491 eo
746 1426 832 1491 inter
865 1431 992 1495 raemia
1013 1452 1095 1497 com·

86 1516 132 1575 mi
145 1513 195 1575 itii
222 1450 394 1574 Numidiae
420 1530 521 1594 regno
552 1508 690 1573 donatus
716 1519 775 1574 est.
829 1450 1007 1597 lpugortha,
1042 1514 1097 1601 qui

84 1598 226 1680 scriptus
249 1605 307 1658 est.

218 1762 417 1826 XXXVHL
462 1763 611 1829 REGES
630 1765 961 1832 MAVRITANIAE.
1101 1791 1123 1833 a

171 1902 254 1966 Iuba
275 1924 344 1983 rex,
365 1902 421 1988 qui
440 1901 614 1967 Curionem
634 1903 777 1987 legatum
791 1902 942 1968 Caesaris
965 1927 1094 1992 oppres·

84 1987 144 2069 sit3
172 2008 250 2050 mox
273 1987 379 2051 occiso
407 1987 561 2074 Pompeio
582 1986 716 2051 Catonis
742 1995 774 2051 et
796 1985 958 2074 Scipionis
985 2000 1093 2076 partes

85 2070 216 2134 firmare
245 2080 398 2153 conatus,
430 2094 504 2136 cum
528 2093 563 2135 se
590 2072 625 2134 in
648 2071 773 2154 regiam
799 2073 994 2156 recepisset,
1021 2083 1095 2161 post

86 2155 293 2239 magnificam
313 2176 426 2219 cenam
442 2155 700 2219 interficiendum
719 2176 754 2218 se
777 2153 875 2219 dedit.
920 2154 1014 2239 Iuba,
1035 2180 1095 2223 rex

87 2238 353 2320 litteratissimus,
376 2240 432 2325 qui
451 2238 600 2303 Caesaris
614 2238 756 2322 Augusti
775 2239 867 2302 iussu
886 2261 922 2303 rc
946 2242 1040 2306 navit
1062 2250 1122 2312 eta

87 2322 441 2406 magnificentissimam
462 2321 575 2385 urbem
597 2320 792 2385 Caesaream
814 2322 911 2387 condi
937 2324 970 2387 't

87 2469 254 2535 XXXIX.
289 2471 369 2553 QVI
385 2472 622 2537 ADVERSVS
640 2472 856 2539 POPVLVM
870 2473 1094 2541 ROMANVN

374 2568 503 2633 ARMA
525 2568 801 2636 SVMSERVNT.
974 2570 977 2575 ’

60 2727 74 2776 1
171 2704 284 2768 Tatius
307 2729 368 2771 rex
385 2707 593 2793 Sabinorum,
616 2712 671 2797 qui
693 2720 847 2797 occupata
865 2724 941 2774 arce
952 2710 1094 2797 Tarpeia

84 2791 120 2853 in
141 2788 212 2873 ipso
234 2789 304 2854 foro
327 2813 400 2854 cum
417 2792 554 2859 Romulo
576 2796 754 2859 decertavit
776 2803 807 2857 et
827 2796 1015 2859 interventu
1034 2794 1124 2862 sas

58 2872 239 2939 asinarum
260 2895 374 2959 pacem
400 2898 473 2940 cum
493 2878 631 2943 Romulo
653 2879 735 2942 fixit.
780 2878 900 2941 Mettus
921 2877 1092 2961 Fuffetius,

85 2977 145 3019 rex
172 2955 391 3041 Albanorum,
442 2963 477 3024 ui
502 2972 614 3026 contra
636 2963 751 3027 foedus
777 2962 820 3025 ad
840 2961 1010 3025 Fidenatis
1038 2962 1093 3027 de

86 3040 182 3102 seivit
210 3049 241 3102 et
269 3042 360 3105 iussu
445 3044 624 3110 liHostilii
651 3046 810 3130 deligatus
840 3045 882 3109 ad
903 3066 1034 3109 currum
1061 3056 1093 3110 et

59 3124 121 3186 tin
143 3122 273 3186 diversa
301 3128 381 3191 actis
411 3129 502 3212 equis
529 3129 688 3194 laceratus
719 3140 776 3193 est.
821 3129 1004 3211 Porsenna,
1032 3152 1093 3194 rex

86 3206 312 3290 Etruscorum,
342 3213 398 3308 qui
418 3211 581 3277 Romanos
603 3214 644 3278 ad
666 3212 845 3277 Ianiculum
867 3211 996 3278 obsedit
1015 3232 1125 3300 pro-so

85 3300 220 3437 pterppe
241 3289 437 3378 Tarquinios
459 3295 523 3333 *³²*

57 3383 77 3433 4
199 3374 347 3460 iridates,
377 3380 434 3465 qui
454 3400 474 3442 a
495 3378 680 3444 Corialone
701 3380 864 3445 consulari
889 3380 961 3444 viro
982 3380 1089 3446 victus

86 3465 119 3522 et
139 3458 304 3525 restitutus
328 3471 385 3528 est
