2266 3832
372 748 521 832 lvctvs
550 750 761 834 iuratus

202 904 473 971 ascanio
505 905 613 970 svo
646 906 930 973 saturari.

12 1138 20 1223 i
145 1142 280 1209 Volenti
295 1142 357 1207 tibi
380 1144 489 1207 omnia
508 1166 604 1208 nosse
625 1147 740 1230 scripsi
761 1143 848 1208 hunc
865 1143 985 1209 librum
1004 1168 1072 1210 me-

12 1236 16 1299 l
56 1226 245 1308 morialem,
267 1236 304 1291 ut
325 1229 431 1308 noris,
454 1228 533 1374 guid
553 1230 595 1292 sit
616 1228 773 1310 mundus,
800 1229 879 1313 quid
901 1229 1070 1312 clementa,

35 1312 143 1401 cquid
164 1309 254 1377 orbis
282 1320 442 1375 terrarum
478 1322 561 1393 erat,
588 1312 642 1375 vel
664 1312 743 1397 quid
770 1334 873 1396 genus
897 1313 1072 1377 humanum

55 1395 237 1485 peregerit.

402 1478 429 1541 I.
474 1477 537 1540 DE
558 1478 733 1544 MVNDO.

146 1598 290 1663 Mundus
310 1606 359 1662 est
374 1601 569 1662 universitas
589 1621 712 1681 rerum,
736 1603 772 1665 in
790 1622 852 1687 quo
870 1602 978 1665 omnia
995 1608 1095 1664 suntl

57 1692 94 1749 et
116 1692 212 1747 extra
232 1703 328 1768 quem
348 1681 445 1763 nihil,
469 1686 524 1769 qui
545 1705 662 1767 graece
685 1686 803 1749 dicitur
825 1682 959 1766 κόσμος.
992 1685 1095 1767 Ele-{2

13 1776 175 1833 amenta
190 1765 303 1830 mundi
340 1775 484 1829 uattuor:
507 1768 603 1850 ignis,
622 1789 664 1830 ex
675 1790 737 1854 quo
749 1778 798 1832 est
817 1769 958 1850 caelum,
978 1789 1071 1854 aqua,

56 1874 106 1917 ex
127 1870 193 1936 qua
213 1871 303 1913 mare
355 1871 506 1932 ceanum3
536 1860 607 1931 aer,
631 1873 673 1914 cx
696 1874 758 1937 quo
784 1854 874 1915 venti
895 1868 927 1915 et
950 1862 1071 1937 tempe-

57 1943 182 2015 states,
202 1941 305 2014 terra,
326 1954 423 2019 quam
437 1943 570 2019 propter
586 1935 724 1998 formam
749 1938 818 1998 cius
838 1935 950 1999 orbem
971 1946 1071 1998 terra-

56 2040 137 2083 rum
153 2015 364 2103 appellamus.
399 2017 490 2081 Caeli
507 2020 656 2103 regiones
676 2028 750 2082 sunt
767 2029 933 2103 quattuor:
951 2020 1097 2099 oriens,3

59 2100 232 2182 occidens,
264 2101 430 2181 meridies,
461 2104 647 2187 septentrio.
694 2101 827 2165 Caelum
855 2102 1011 2165 dividitur
1033 2104 1094 2163 int

22 2184 207 2251 incirculos
224 2186 381 2270 quinque:
408 2187 563 2249 arcticum
581 2196 612 2248 et
630 2186 856 2267 antarcticum,
882 2186 937 2270 qui
961 2185 1002 2248 ob
1024 2187 1071 2248 ni-

59 2270 164 2335 miam
184 2269 253 2331 vim
272 2268 406 2351 frigoris
427 2268 656 2332 inhabitabiles
679 2278 770 2350 sunt,
792 2291 831 2332 ae
854 2269 1070 2351 uinoctialcm,

61 2354 119 2417 cui
140 2350 288 2416 subiacet
313 2353 405 2435 regio
428 2374 510 2438 quac
532 2353 804 2434 κατακεκαυμένη
827 2293 944 2416 dicitur
966 2375 1071 2438 neque

60 2434 219 2501 incolitur
242 2434 284 2499 ob
305 2437 439 2499 nimiam
460 2438 527 2499 vim
548 2438 690 2519 ardoris3
710 2436 890 2500 brumalem
912 2446 944 2500 et
966 2436 1072 2500 solsti-

62 2518 192 2599 tialem,
220 2519 280 2583 sub
310 2519 428 2605 quibus
451 2519 630 2584 habitatur:
660 2530 735 2584 sunt
758 2522 844 2584 enim
870 2524 1072 2606 temperatis-

26 2604 158 2685 animi,
184 2624 244 2689 pcr
266 2625 346 2690 quos
367 2602 494 2681 'oblicus
517 2604 656 2667 circulus
679 2605 770 2667 vadit
798 2626 871 2668 cum
900 2605 1072 2668 duodecim

63 2686 184 2773 signis,
209 2689 244 2751 in
267 2687 384 2773 quibus
406 2687 454 2751 sol
477 2710 619 2751 annuum
641 2688 770 2751 conficit
794 2710 933 2751 cursum.

273 2821 318 2884 Il.
363 2821 426 2884 DE
448 2821 691 2886 DVODEOIM
711 2820 868 2886 SIGNIS.

151 2930 254 3017 Signa
277 2941 353 2996 sunt
382 2931 530 2996 incaelo
564 2932 743 2996 duodecim.
788 2934 883 2996 Aries
913 2931 1095 2996 beneficio!

62 3015 194 3097 Liberi,
223 3017 325 3103 quod,
352 3018 380 3079 is
409 3038 481 3080 cum
512 3018 691 3080 exercitum
720 3019 755 3079 in
778 3015 906 3079 Indiam
933 3037 992 3101 por
1018 3016 1073 3077 Li-

28 3100 168 3187 abyam
195 3100 327 3164 duceret
347 3122 405 3186 pcr
429 3098 500 3163 loca
523 3102 610 3163 sicca
638 3111 669 3163 ct
692 3121 842 3180 arenosa,
875 3121 947 3162 cum
968 3120 1071 3183 aquae

62 3184 178 3271 inopia
200 3193 286 3248 esset
312 3194 344 3247 et
372 3185 533 3247 exercitus
558 3186 626 3247 eius
656 3186 710 3247 siti
737 3183 958 3267 adfligeretur,
987 3183 1072 3243 aries

64 3272 114 3333 eis
137 3288 255 3353 equam
276 3268 525 3348 demonstravit,
549 3278 580 3331 ct
602 3267 643 3330 ob
666 3268 700 3331 id
716 3291 736 3331 a
751 3266 872 3330 Libero
888 3267 977 3330 Iovis
994 3264 1072 3327 Am-

64 3374 143 3417 mon
164 3361 214 3415 est
237 3352 433 3437 appellatus,
457 3354 549 3452 eique
571 3351 682 3414 fanum
703 3350 912 3435 magnificum
933 3349 1012 3410 fecit
1029 3346 1072 3410 ad

33 3526 38 3535 Ι
65 3456 142 3501 eum
153 3434 275 3516 locum,
292 3434 350 3499 ubi
368 3456 483 3520 aquam
501 3437 639 3515 mvcnit,
658 3436 744 3519 quod
763 3435 855 3497 abest
866 3433 907 3495 ab
917 3432 1073 3517 Aegypto

109 3542 207 3583 LVGWS
225 3544 328 3583 nuent.
