2266 3832
455 214 498 295 11,
517 213 695 302 l3[1111,2].
955 171 961 180 ⁵
1036 219 1075 284 st

71 384 126 449 ius
144 382 351 469 Hispaniam:
371 388 438 445 tres
460 382 594 445 maximi
615 383 786 464 exercitus,
810 390 842 447 et
860 383 895 447 in
915 383 966 448 bis
988 383 1076 449 orbis

71 468 248 554 imperim
278 464 431 530 societate
457 466 557 529 trium
582 465 764 551 principum
787 475 972 553 occupatur.
1023 468 1120 548 de-13

72 572 147 615 cem
167 569 271 614 annos
288 549 391 612 traxit
409 549 474 613 ista
493 548 670 614 dominatio
696 570 739 613 ex
758 548 838 631 fide,
890 552 945 614 uia
965 559 1076 616 mutuo

71 642 165 698 metu
184 631 387 697 tenebantur.
422 631 534 696 Crassi
555 640 658 695 morte
684 633 771 717 apud
791 572 946 715 Partbos,
973 644 1077 699 morte

42 715 181 781 sIuliae
216 714 367 781 Caesaris
400 714 503 797 filiae,
539 736 621 800 quae
650 724 751 801 nupta
777 715 931 802 Pompeio
964 719 1077 802 generi

71 800 244 886 socerique
271 798 479 864 concordiam
504 799 700 862 matrimonii
727 799 860 865 foedere
882 799 1076 883 continebat,

72 884 184 947 statim
204 880 376 945 aemulatio
398 882 514 980 erupit.
557 884 623 946 iam
638 882 720 947 Pom
742 884 792 948 eio
814 893 982 970 suspectae
996 883 1121 958 Cae-14

72 966 157 1031 saris
179 986 258 1051 opes
275 972 308 1028 et
330 964 463 1029 Caesam
484 964 682 1050 Pompeiana
703 906 845 1050 dignitas
866 969 988 1052 gravis.
1016 989 1077 1032 nec

71 1048 130 1115 ille
157 1047 285 1113 ferebat
310 1068 438 1133 parem,
465 1069 527 1112 nec
555 1049 609 1112 hio
636 1052 844 1135 superiorem.
888 1052 1075 1137 pronefas!

38 1132 124 1197 assic
142 1132 184 1197 de
202 1132 388 1219 principatu
408 1130 609 1214 laborabant,
630 1141 697 1196 tam
719 1154 794 1197 uam
816 1134 898 1198 duos
918 1136 1003 1198 tanti
1018 1136 1076 1199 im·

71 1216 158 1302 perii
179 1214 311 1281 fortrma
331 1236 397 1280 non
418 1224 558 1300 caperet.
604 1237 681 1300 ergo
695 1155 835 1282 llenuilo
854 1217 1076 1304 Marcelloque
1090 1232 1122 1281 15

73 1297 263 1365 consulibus
283 1306 380 1383 rupta
398 1299 539 1383 primum
562 1301 793 1364 coniurationis
815 1300 907 1365 fidos.
952 1301 993 1365 de
1006 1323 1076 1365 suc·

72 1383 222 1447 cessione
245 1381 395 1446 Caesaris
418 1390 564 1464 senatus,
592 1383 628 1447 id
649 1391 699 1446 est
719 1382 895 1482 Pompeius
922 1384 1075 1482 agitabat,

71 1486 136 1531 nec
158 1464 215 1529 ille
235 1463 413 1546 abnuebat,
440 1466 468 1527 si
489 1466 573 1530 ratio
597 1466 649 1529 sui
666 1469 824 1551 proximis
854 1469 992 1533 comitiis
1020 1467 1075 1530 ba-

38 1546 216 1613 laberetur.
258 1557 296 1611 ut
315 1547 447 1611 daretur
468 1547 655 1613 consulatus
677 1548 818 1632 absenti,
848 1573 944 1636 quem
965 1551 1077 1616 decem
1088 1572 1122 1624 lo

70 1630 197 1697 tribuni
216 1630 348 1695 favente
369 1630 524 1717 Pompeio
545 1652 649 1717 nuper
671 1633 897 1716 decreverant,
927 1634 1075 1698 dissimu-

71 1714 161 1781 lante
183 1714 297 1779 eodem
314 1713 510 1798 negabatur:
539 1716 667 1779 veniret
695 1724 727 1779 et
747 1724 872 1800 peteret
899 1739 988 1782 more
1009 1738 1075 1782 ma-

70 1800 188 1865 iorum.
238 1796 295 1862 illc
322 1806 435 1862 contra
456 1797 604 1882 flagitare
632 1798 778 1880 decreta,
810 1821 864 1882 ac,
900 1802 965 1864 uisi
994 1800 1119 1866 fideslt

69 1888 294 1969 permaneret,
313 1902 379 1945 non
398 1882 563 1945 remittere
583 1884 771 1946 exeroim.
817 1905 894 1968 ergo
908 1894 944 1947 ut
965 1885 999 1947 in
1019 1883 1075 1947 ho-

35 1974 159 2029 artem
180 1964 374 2028 decernitur.
418 1963 470 2027 bis
493 1964 615 2028 Caesar
639 1967 782 2049 agitatus
802 1969 913 2029 statuit
931 1968 1076 2051 praemia

71 2069 236 2113 armorum
257 2048 355 2112 armis
378 2046 564 2111 defendere.

85 2146 89 2151 '
156 2132 268 2195 Prima
288 2129 395 2194 civilis
416 2129 496 2193 belli
515 2130 638 2195 harena
653 2129 749 2193 ltalia
768 2130 845 2212 fuit,
869 2134 959 2194 cuius
982 2153 1072 2196 arces
1085 2154 1119 2203 18

70 2214 201 2281 levibus
221 2213 394 2300 praesidiis
411 2212 585 2300 Pompeius
608 2213 788 2295 insederat;
811 2215 869 2278 sed
891 2217 999 2278 omnia
1023 2237 1074 2279 su·

70 2300 142 2365 bito
165 2298 316 2363 Caesaris
337 2298 460 2382 impetu
487 2318 644 2383 oppressa
672 2307 756 2360 sunt.
799 2298 904 2383 prima
924 2299 1072 2363 Arimino
1086 2307 1120 2358 lo

38 2382 104 2447 resi
150 2403 171 2446 a
198 2382 395 2445 cecinerunt.
438 2389 507 2444 tum
524 2380 637 2466 pulsus
658 2379 792 2445 Etruria
812 2380 911 2461 Libo,
939 2380 1076 2445 Vmbria

125 2486 233 2530 armus
240 2512 249 2546 ,
278 2463 442 2529 Domitius
468 2463 622 2529 Corfinio.
667 2473 700 2527 et
749 2472 892 2527 oraotnm
919 2472 988 2528 erat
1008 2464 1075 2529 bel-

70 2548 141 2613 lum
163 2550 233 2612 sine
253 2547 422 2633 sanguine,
446 2548 474 2611 si
494 2547 685 2631 Pompeium
734 2546 872 2611 rundisii
894 2548 1075 2633 opprimere

69 2632 240 2719 potuisset.
285 2640 317 2695 et
333 2638 478 2716 ceperat3
515 2631 572 2695 sed
603 2630 660 2694 ille
686 2652 745 2716 per
777 2629 904 2696 obsessi
934 2630 1120 2697 claustram

69 2724 186 2801 portus
207 2723 365 2780 nocturna
381 2713 461 2797 fuga
480 2715 594 2778 evasit.
702 2735 719 2777 e
742 2713 846 2778 dictu!
869 2714 965 2779 modo
987 2715 1075 2799 prin-

37 2812 152 2885 soeaps
172 2806 315 2883 patrum,
336 2797 427 2883 pacis
448 2795 591 2883 bellique
612 2818 664 2862 mo
688 2806 794 2861 erator
821 2817 880 2881 per
900 2798 997 2860 trium
1021 2797 1076 2860 ba-

69 2890 143 2948 tum
163 2902 185 2944 a
205 2902 348 2945 semare
369 2880 477 2944 lacera
496 2888 528 2943 et
548 2901 652 2965 paene
672 2881 790 2943 inermi
810 2901 895 2943 nave
917 2880 1007 2963 fugio
1031 2888 1074 2943 at.

70 2986 135 3030 nee
157 2964 294 3050 Pompei
320 2963 362 3028 ab
389 2962 487 3027 Italia
513 2985 610 3050 quam
637 2972 768 3027 senatus
796 2962 838 3027 ab
873 2961 954 3026 urbe
988 2962 1110 3046 sugast

69 3048 214 3135 turpiorz
236 3069 333 3134 quam
354 3067 457 3133 paene
477 3068 614 3110 vacuam
640 3055 728 3110 metu
756 3046 878 3110 Caesar
908 3047 1076 3130 ingressus

70 3130 240 3199 consulem
267 3152 302 3194 se
329 3132 342 3194 i
366 3151 401 3195 se
429 3130 516 3194 feeit.
568 3131 729 3193 aerarium
763 3150 890 3228 quoque
920 3137 1075 3207 sanctum,

35 3214 162 3304 ”quod
188 3217 265 3301 quia
290 3223 342 3278 tar
366 3216 415 3278 'us
443 3211 631 3298 aperiebant
657 3211 780 3276 tribum
806 3214 902 3276 iussit
937 3211 1075 3294 effringi,

71 3322 208 3367 censum
235 3308 268 3363 et
292 3298 522 3397 patrimonium
548 3296 661 3381 populi
688 3296 841 3376 Romani,
870 3304 945 3359 ante
969 3293 1077 3377 rapuit

72 3404 170 3471 quam
190 3385 370 3469 impenum.

157 3467 258 3533 Pulso
281 3466 458 3551 fugatoque
487 3463 639 3548 Pompeio
667 3462 781 3527 maluit
805 3463 896 3547 prius
925 3459 1076 3525 ordinare
1085 3478 1120 3526 22

81 3578 199 3619 rtonvs.
671 3594 676 3601 -
919 3546 938 3608 6
