2266 3832
230 246 438 307 hisroltlhtc
459 245 652 307 ROMANAE
673 248 714 319 11,
739 256 798 309 ror.
817 258 877 309 roa.
1007 245 1047 311 ib

63 404 149 468 tura,
173 399 348 468 consulatu,
370 394 538 472 provinciis
552 396 735 457 honoratum
751 397 840 455 etiam
856 398 1047 459 matrimonio

64 481 185 542 sororis
200 495 276 540 suae
291 480 372 540 illiae
393 482 422 540 in
442 480 643 540 arctissimam
664 480 850 540 adfinitatem
870 490 1046 555 receperat,

65 562 269 639 Quintiusque
284 564 459 637 Crispinus,
485 563 671 638 singularem
691 564 858 638 nequitiam
882 564 1078 638 supercili05

63 648 143 707 truci
160 657 334 722 protegens,
350 654 381 707 et
396 648 515 722 Appius
532 648 676 707 Claudius
691 655 721 707 et
736 646 938 720 Sempronius
954 649 1045 709 Grac-

64 730 141 791 chus
158 746 196 791 ac
211 730 316 804 Scipio
331 730 444 806 aliique
464 732 589 790 minoris
609 729 739 791 nominis
754 731 915 806 utriusque
929 732 1045 792 ordinis

63 813 122 874 viri
135 813 224 889 quasi
235 813 396 874 cuiuslibet
408 830 506 874 uxore
518 814 630 874 violata
642 829 760 889 poenas
776 815 961 889 pependere,
978 832 1045 876 cunr

66 897 209 959 Caesaris
225 898 316 957 liliam
333 906 362 959 et
374 898 504 958 Neronis
523 898 692 957 violassent
706 897 876 973 coniugem.
910 899 984 958 iulia
997 916 1044 958 re-

63 982 165 1055 legata
179 982 210 1040 in
224 982 354 1041 insulam
368 982 547 1056 patriaeque
559 989 589 1041 et
603 986 760 1055 pareutum
773 982 924 1041 subducta
937 985 1044 1055 oculis,

62 1080 156 1141 quam
183 1072 282 1124 manen
306 1065 447 1124 comitata
471 1072 568 1123 mater
594 1064 753 1123 Scribonia
779 1066 949 1125 voluntaria
973 1068 1044 1125 exili

63 1151 233 1223 permansit
247 1164 362 1208 comes.

150 1230 194 1291 Cl.
222 1233 321 1291 Breve
333 1232 371 1290 ab
387 1232 446 1292 hoc
461 1229 677 1290 intercesserat
689 1231 831 1304 spatium,
847 1249 916 1292 cum
929 1233 959 1291 C.
970 1232 1043 1293 Gae—
1059 1245 1074 1295 1

62 1330 117 1375 sar
137 1324 207 1375 ante
228 1316 294 1375 aliis
317 1316 481 1389 provinciis
503 1316 542 1374 ad
567 1314 727 1373 visendum
754 1313 844 1374 obitis
871 1316 900 1375 in
923 1315 1043 1392 Syriam

61 1398 193 1471 missus,
215 1407 367 1460 convento
382 1398 467 1474 prius
481 1399 522 1457 Ti.
538 1399 674 1470 Nerone,
692 1398 740 1456 cui
759 1414 878 1457 onmem
895 1400 1043 1459 honorem

61 1490 96 1543 ut
110 1483 262 1557 superiori
277 1483 395 1554 habuit,
412 1491 471 1542 tam
488 1483 572 1541 varie
587 1497 622 1542 se
636 1482 676 1540 ibi
691 1482 803 1556 gessit,
821 1490 853 1542 ut
868 1498 924 1542 nec
940 1483 1043 1542 lauda-

63 1574 163 1626 turum
185 1584 295 1642 magna
310 1582 366 1626 nec
381 1568 620 1641 vituperaturum
643 1566 807 1624 mediocris
828 1566 953 1625 materia
969 1567 1043 1626 deli·

62 1650 132 1711 ciat.
156 1650 229 1711 Cum
240 1666 313 1724 rege
326 1649 514 1722 Parthorum,
530 1650 640 1710 iuvene
651 1650 875 1725 excelsissimo,
891 1649 1043 1724 ininsula,
1058 1656 1076 1708 ἢ

61 1750 155 1807 quarn
169 1736 266 1794 amnis
280 1734 452 1809 Euphrates
468 1733 632 1804 ambiebat,
649 1742 781 1807 aequato
799 1735 958 1810 utriusque
975 1751 1042 1809 par-

61 1816 101 1876 tis
123 1834 250 1878 numero
271 1819 357 1887 coiit;
385 1819 468 1893 quod
490 1820 698 1892 spectaculum
724 1820 832 1878 stantis
857 1835 896 1879 ex
917 1818 1041 1879 diverso

61 1900 132 1960 hiuc
146 1901 291 1974 Romani,
313 1902 394 1961 illinc
408 1902 587 1962 Parthorum
609 1902 776 1974 exercituS,
798 1919 866 1962 cum
882 1904 943 1962 duo
965 1905 1043 1961 inter

61 2000 97 2043 se
113 1984 351 2043 eminentissima
372 1984 567 2059 imperiorum
583 1991 613 2044 et
628 1985 783 2043 hominum
800 1987 916 2045 coirent
931 1985 1040 2059 capita,

60 2083 210 2143 perquam
231 2069 345 2126 clarum
366 2076 396 2127 et
417 2068 613 2127 memorabile
633 2068 691 2127 sub
715 2067 799 2127 initia
820 2069 1041 2143 stipendiorum

60 2164 198 2212 meorum
214 2150 335 2210 tribuno
350 2151 476 2210 militum
492 2150 563 2210 mihi
580 2150 680 2210 visere
696 2151 829 2225 contigit.
857 2153 951 2223 Quem
967 2153 1073 2214 mili-³

59 2234 120 2294 tiae
134 2235 264 2309 gradum
279 2241 349 2294 ante
364 2235 422 2294 sub
437 2243 523 2308 patre
538 2243 606 2308 tuo,
620 2234 661 2292 Μ.
676 2234 791 2307 Vinici,
806 2243 837 2294 et
850 2235 882 2293 P.
899 2235 972 2295 Silio
988 2252 1040 2294 au-

59 2317 197 2393 spicatus
213 2318 243 2377 in
258 2318 385 2378 Thracia
399 2319 657 2393 Macedoniaque,
683 2334 754 2378 mox
770 2318 887 2378 Achaia
901 2318 1040 2393 Asiaque

58 2408 91 2461 et
115 2402 256 2462 omnibus
282 2404 320 2461 ad
347 2400 499 2463 Orientem
526 2403 602 2463 visis
629 2401 796 2475 provinciis
822 2411 852 2463 ct
873 2418 926 2461 ore
947 2409 1040 2478 atque

59 2492 191 2561 utroque
213 2487 305 2545 maris
326 2485 441 2547 Pontici
464 2488 557 2547 latere
577 2487 658 2546 haud
679 2486 844 2547 iniucunda
865 2494 910 2547 tol
928 2502 1038 2560 rerum,

58 2570 211 2641 locorum,
234 2570 384 2643 gentium,
409 2570 530 2632 urbium
544 2571 757 2632 recordatione
771 2572 921 2646 perfruor.
954 2570 1071 2630 Priori

57 2652 186 2713 Parthus
207 2654 290 2728 apud
306 2654 411 2712 Gaium
432 2656 462 2712 in
483 2661 588 2714 nostra
608 2654 691 2729 ripa,
713 2656 865 2730 posterior
885 2655 934 2714 hic
955 2655 1037 2729 apud

56 2750 161 2811 regem
175 2737 205 2795 in
221 2737 324 2796 hostili
339 2738 480 2810 epulatus
496 2745 552 2797 est.

141 2819 198 2880 cll.
232 2820 298 2893 Quo
321 2828 459 2895 tempore
474 2820 513 2878 M.
529 2821 621 2893 Lolli,
648 2838 739 2895 quern
759 2823 853 2882 veluti
867 2822 1069 2881 moderato-l

56 2918 120 2963 rem
141 2906 282 2963 iuventae
302 2903 344 2962 fili
366 2906 414 2963 sui
432 2906 591 2977 Augustus
613 2919 685 2962 esse
699 2905 853 2974 voluerat,
877 2904 994 2976 perlida
1009 2911 1039 2962 et

56 2990 148 3061 plena
163 2987 285 3047 subdoli
301 3002 336 3046 ac
352 2988 464 3046 versuti
485 2986 575 3045 animi
591 2986 718 3045 consilia
734 3003 789 3060 per
802 2986 943 3045 Parthum
959 2984 1037 3044 indi·

55 3076 124 3130 cata
139 3069 261 3131 Caesari
278 3072 358 3130 lama
372 3072 522 3144 vulgavit;
540 3070 628 3130 cuius
644 3086 726 3129 mors
742 3071 821 3129 intra
836 3084 953 3143 paucos
969 3069 1035 3128 dies

55 3155 178 3214 iortuita
193 3170 231 3213 an
246 3156 418 3215 voluntaria
440 3155 529 3215 luerit
546 3153 666 3228 ignoro.
696 3152 759 3213 Sed
775 3169 866 3228 quam
887 3152 969 3212 huuc
984 3153 1068 3211 dei

54 3238 191 3297 cessisse
206 3238 307 3296 laetati
323 3237 477 3310 homines,
500 3246 558 3296 tam
581 3240 672 3312 paulo
689 3247 760 3311 post
774 3238 880 3297 obisse
895 3236 1036 3296 Censori-

53 3336 126 3380 num
142 3322 171 3380 in
187 3321 295 3380 iisdem
312 3321 478 3395 provinciis
493 3322 625 3395 graviter
641 3322 707 3381 tulit
721 3320 843 3394 civitas,
869 3321 966 3379 virum
982 3319 1035 3378 de·

54 3404 209 3464 merendis
235 3404 408 3464 hominibus
434 3406 578 3477 genitum.
612 3405 787 3465 Armeniam
809 3405 920 3464 deinde
943 3402 1069 3463 Gaius3

53 3487 213 3561 ingressus
230 3490 327 3562 prima
342 3495 427 3562 parte
444 3488 582 3548 introitus
599 3505 749 3564 prospere
761 3505 823 3548 rem
836 3488 948 3561 gessit3
964 3502 1037 3547 mox
