2266 3832
97 210 139 274 88
453 225 559 275 raom
569 226 735 274 armon.

97 378 236 465 amplius
262 398 360 476 qtram
389 375 590 459 occiderent,
617 377 653 439 in
676 375 785 441 medio
810 376 930 440 ardore
952 398 1093 463 pugnan-

96 464 179 527 tuun
210 460 317 526 subse
350 461 359 477 '
407 480 465 525 ens
496 460 581 523 iuer
608 468 763 545 unusque
787 458 971 543 sssenbunu,
1007 459 1093 546 quud

52 562 88 612 81
99 547 304 610 convenisset
331 552 363 607 et
413 545 442 607 'c
468 544 611 607 onmium
637 564 751 607 sensus
779 550 899 606 esset‘
930 564 975 608 uo
1077 564 1092 607 e

96 628 262 694 bellum‘l'
283 628 459 691 novissime
481 627 670 690 inusitatum
692 624 894 691 Caesarisne
931 628 961 691 ‘s
987 646 1092 691 neas:

94 720 169 797 post
190 710 447 796 quattuordecim
464 730 566 774 annos
576 709 719 796 probata
736 716 969 774 veteranorum
983 729 1111 773 manuus

96 794 233 879 gradum
263 802 350 857 retro
384 794 493 874 dedit,
526 813 626 879 quos,
666 794 728 857 etsi
757 791 902 858 nondum
933 792 1093 879 fligerant,

96 878 246 962 apparuit
270 886 380 940 tamen
400 876 524 962 pudere
545 877 649 960 magis
691 896 768 939 uam
787 877 910 939 virtute
930 877 1091 941 resistere.

54 962 208 1045 ariesque
234 959 290 1023 ille
319 959 470 1043 ablegato
498 980 581 1045 equo
608 960 634 1022 s'
671 960 723 1022 ‘is
748 958 871 1023 furenti
894 958 1038 1045 primam
1061 960 1092 1022 in

96 1045 200 1108 aciem
228 1044 399 1128 procurrit.
436 1042 484 1106 ibi
510 1062 664 1127 prensare
691 1041 863 1126 fugientis,
903 1042 1092 1107 confirmare

97 1125 286 1211 signiferos,
308 1147 401 1190 orare
417 1125 540 1189 hortari
557 1127 740 1211 increpare,
757 1144 817 1271 per
833 1132 938 1189 totum
955 1125 1120 1211 deniqueu

52 1218 118 1274 aba
175 1231 216 1272 en
242 1209 342 1273 oculis
370 1209 518 1273 manibus
551 1208 692 1273 clamore
723 1228 766 1273 vo
780 1209 873 1272 itare.
910 1208 1033 1272 dicitnr
1060 1208 1093 1271 in

96 1231 173 1358 ssgpn
176 1293 419 1378 perturbatione
439 1300 471 1356 et
493 1293 534 1357 de
556 1292 709 1356 extremis
730 1292 875 1376 agitasse
897 1312 1011 1355 secum
1031 1310 1092 1355 ma·

96 1377 282 1462 nifastoque
304 1377 396 1441 voltu
414 1376 533 1458 fuisse,
555 1376 649 1473 quasi
670 1395 829 1464 occupare
843 1383 984 1439 mortem
999 1394 1093 1439 manu

96 1461 212 1541 vellet3
239 1461 303 1522 nisi
324 1460 470 1524 cohortes
491 1460 632 1522 hostium
647 1460 788 1545 quinque
799 1479 859 1543 per
873 1466 1094 1522 transversam

97 1544 201 1606 aciem
232 1551 323 1605 actae
330 1590 339 1623 ,
379 1562 458 1628 quas
491 1539 657 1606 Labienus
686 1540 946 1626 periclitantibus
979 1541 1120 1606 castrias

50 1624 259 1711 84pruesidio
289 1626 438 1705 miserat,
467 1626 608 1710 speciem
634 1624 671 1688 su
694 1646 733 1687 ae
760 1623 998 1709 praebuissent.
1033 1624 1094 1689 boc

97 1715 153 1771 aut
175 1715 206 1770 ct
227 1708 297 1792 ipse
319 1708 458 1771 credidit
479 1716 535 1771 aut
550 1707 626 1771 dux
645 1646 781 1771 ofilidus
798 1708 936 1793 arripuit
950 1708 988 1771 in
1005 1728 1093 1772 occa

97 1792 237 1870 sionem,
269 1798 300 1852 et
322 1791 414 1887 quasi
437 1791 472 1852 in
493 1791 656 1875 fugientes
679 1798 712 1854 et
731 1792 797 1853 iam
817 1791 923 1854 victos
944 1791 1042 1854 simul
1063 1798 1094 1854 ct

96 1894 228 1938 suorum
256 1882 360 1936 erexit
385 1874 509 1937 animos
537 1881 569 1936 et
598 1873 700 1938 hostis
721 1873 868 1959 perculit.
900 1894 978 1936 nam
998 1882 1032 1938 et
1050 1873 1092 1954 hi,

97 1957 174 2021 dum
198 1977 232 2019 se
254 1964 369 2041 putant
390 1957 538 2038 vincere,
565 1956 682 2021 fortius
704 1957 810 2042 sequi,
837 1963 871 2019 et
891 1956 1121 2042 Pompeianis

52 2040 174 2110 aeduus
200 2039 315 2124 fugere
340 2040 476 2104 credunt
497 2062 587 2121 auos,
619 2039 734 2124 fugere
754 2049 938 2124 coeperunt.
972 2049 1093 2126 quanta

15 2128 22 2137 “
98 2124 197 2187 suerit
223 2125 257 2186 in
278 2123 426 2188 hostibus
448 2123 620 2188 caedendis
642 2124 692 2186 ira
711 2122 883 2208 rabiesque
903 2123 1092 2203 victoribus,

98 2209 146 2271 sic
172 2209 339 2271 aestimari
364 2216 486 2305 potest,
519 2207 605 2293 quod
626 2227 646 2269 a
665 2204 789 2291 proelio
808 2204 941 2290 profugi
962 2226 1038 2271 cum
1059 2228 1094 2270 se

96 2289 253 2354 Mundam
274 2299 485 2374 receprssent,
508 2299 540 2354 et
559 2289 680 2354 Cacsar
704 2287 848 2352 obsideri
863 2290 972 2352 statim
989 2291 1094 2354 victos

97 2376 301 2456 imperasset,
331 2375 492 2457 congestis
521 2371 734 2436 cadaveribus
755 2392 857 2455 agger
878 2372 1013 2436 effectus
1034 2382 1125 2455 estas

99 2476 180 2540 quae
205 2453 379 2539 phalaricis
405 2455 609 2541 tragulisque
631 2454 760 2519 confixa
774 2455 863 2519 inter
884 2476 919 2518 se
939 2455 1093 2521 teneban-

54 2543 90 2595 86
98 2546 164 2617 tur,
184 2575 228 2586 —-
249 2536 380 2600 foedum
400 2539 497 2601 etiam
523 2540 558 2601 in
584 2538 751 2603 barbaros.
783 2538 842 2602 sed
866 2537 1022 2621 videlicet
1046 2542 1094 2603 vi·

98 2620 233 2683 ctoriam
254 2619 500 2704 desperantibus
517 2621 652 2707 Pompei
673 2620 800 2703 liberis,
823 2618 1093 2707 Gnenm'proelio

119 2702 284 2786 refugum,
312 2725 405 2767 crure
434 2706 592 2786 saucium,
623 2705 751 2767 deserta
778 2713 811 2768 et
837 2705 913 2767 avia
930 2713 1094 2790 petentem

96 2726 275 2851 bassonius
304 2795 381 2871 aput
406 2786 590 2853 Lauronem
615 2809 634 2852 o
657 2787 769 2872 pidum
796 2796 1003 2871 consecutis,
1034 2810 1126 2874 pu-so

51 2886 86 2937 87
142 2878 250 2933 antem
272 2906 316 2920 --
342 2870 424 2934 adeo
452 2871 596 2935 nondum
646 2870 817 2955 esperabat
842 2906 887 2921 -
912 2872 1094 2956 interfecit3

122 2960 233 3016 extum
250 2953 380 3017 fortuna
406 2955 441 3017 in
467 2953 644 3052 Celtiberia
664 2953 794 3052 interim
814 2953 984 3020 abscondit
1006 2954 1094 3019 aliis·

52 3057 159 3177 88(ΙΠΘ
180 3034 861 3204 iloalclsgraeibarpiblbribaibhbibetbbassbehitur‚
892 3124 1031 3206 primum
1053 3121 1094 3185 de

98 3202 207 3268 Gallia
226 3201 423 3286 triumphum
443 3203 591 3267 trahens:
610 3203 664 3267 hic
683 3211 752 3267 erat
768 3203 901 3268 Rhenus
918 3212 950 3267 et
965 3204 1126 3270 Rhoda-u

98 3307 160 3350 nus
190 3293 222 3348 et
250 3307 292 3348 ex
312 3306 391 3349 auro
414 3288 561 3371 captivus
582 3287 731 3346 Oceanus
777 3285 879 3350 altera
899 3286 1008 3350 laurus
1028 3286 1093 3351 Ae-

96 3370 229 3502 gyptia:
262 3377 339 3432 tune
363 3369 397 3431 in
421 3369 552 3432 ferculis
573 3369 659 3419 Νω-
727 3390 853 3434 samoe
876 3377 908 3433 et
930 3370 973 3433 ad
996 3371 1094 3434 simu-

51 3457 87 3506 80
110 3472 218 3509 nomm·
248 3453 368 3518 iperium
401 3452 509 3506 erulam
550 3465 612 3502 ν..
719 3489 746 3498 ..
781 3473 821 3498 ,ηε
863 3452 897 3502 ln
924 3452 1095 3517 lemaae
