2266 3832
91 186 135 249 54
360 185 400 244 Μ.
422 185 564 243 VELLEI
584 185 799 247 PATERCULI

92 339 244 398 maximus
265 337 294 395 in
312 336 342 395 C.
359 335 499 395 Caesaris
517 336 617 396 locum
633 338 711 396 furto
729 346 848 398 oreatus
871 340 995 400 decreta
1010 340 1070 401 sibi

92 422 240 497 Hispania
254 420 353 479 adhuc
369 420 397 477 in
413 420 509 478 Gallia
522 420 709 491 morabatur)
724 437 797 481 mox
812 424 936 497 saepius
951 424 981 482 in
996 440 1071 484 con·

93 513 233 580 spectum
247 502 374 561 veniens
397 503 520 562 militum
536 510 620 576 (cum
635 510 664 562 et
677 504 794 578 Lepido
817 521 922 565 omnes
937 508 1071 581 impera·

94 597 175 648 tores
192 586 756 661 loremmelioresetmultisAntonius,
773 589 844 648 dum
855 597 919 649 erat
933 591 1072 660 sobrius)

94 688 149 746 per
171 685 281 729 aversa
301 677 470 729 castrorum
488 677 613 742 proruto
632 672 713 728 vallo
729 687 749 730 a
764 671 906 732 militibus
924 681 1070 747 receptus

94 763 155 823 est;
172 755 223 828 qui
239 754 322 812 titulo
337 753 443 827 imperi
456 753 585 811 cedebat
598 754 730 827 Lepido,
748 770 816 813 cum
828 772 946 814 summa
960 756 1071 816 virium

67 853 191 912 apenes
207 853 274 894 eum
293 838 379 894 toret.
403 835 466 895 Sub
482 838 595 895 Antoni
610 837 782 910 ingressum
799 839 828 896 in
845 846 946 898 castra
961 840 1072 899 luven-

93 922 153 981 tius
178 919 367 992 Laterensis,
393 921 438 976 vir
462 918 525 977 vita
548 935 584 977 aa
609 928 705 978 morte
733 928 974 995 consentaneuS,
1001 939 1072 982 cum

93 1004 239 1064 acerrime
255 1003 406 1062 suasisset
420 1002 554 1075 Lepido,
576 1019 614 1060 ne
635 1018 669 1062 se
685 1020 752 1062 cum
767 1006 900 1064 Antonio
921 1005 1012 1064 hoste
1027 1007 1071 1065 iu-

93 1088 193 1147 dicato
216 1088 368 1159 iungeret,
390 1087 495 1144 inritus
519 1086 627 1144 consili
647 1087 748 1159 gladio
768 1104 802 1146 se
822 1089 889 1161 ipse
910 1089 1072 1148 transfixit.

64 1166 222 1229 3Planons
238 1170 349 1228 deinde
370 1168 477 1243 dubia,
498 1170 529 1227 id
551 1177 598 1229 est
613 1185 670 1228 sua
688 1171 750 1228 fide
772 1171 823 1229 diu
844 1188 972 1245 quarum
988 1178 1075 1232 esset

94 1255 223 1329 partium
249 1269 354 1314 secum
379 1255 508 1312 luctatus
534 1269 570 1312 ac
596 1252 654 1311 sibi
678 1253 801 1312 difficile
823 1255 1020 1314 consentiens
1043 1262 1074 1315 et

93 1354 174 1396 nunc
197 1337 316 1397 adiutor
336 1338 371 1396 D.
392 1337 476 1396 Bruti
503 1335 653 1410 designati
675 1337 828 1409 consulis,
856 1339 992 1411 collegae
1015 1338 1072 1411 sui,

94 1422 275 1495 senatuique
301 1437 335 1480 se
360 1421 464 1479 litteris
480 1418 654 1492 venditans,
677 1435 749 1478 mox
771 1420 907 1478 eiusdem
923 1421 1073 1494 proditor,

93 1504 219 1563 Asinius
240 1510 339 1563 autem
353 1502 448 1561 Pollio
463 1503 568 1560 firmus
584 1502 743 1575 proposito
760 1502 917 1561 etlulianis
933 1503 1073 1576 partibus

94 1587 190 1658 fidus
207 1584 401 1659 Pompeianis
419 1586 584 1659 adversm,
606 1591 734 1658 uterque
750 1586 902 1644 exercitus
917 1587 1074 1645 tradidere

93 1670 238 1730 Antonio.

71 1767 80 1817 1
177 1752 280 1809 LXIV.
325 1751 487 1810 D.Brutus
510 1751 650 1808 desertus
678 1751 775 1823 primo
803 1767 820 1809 a
844 1751 973 1823 Planco,
1000 1760 1076 1826 post

95 1836 183 1895 etiam
199 1834 317 1893 insidiis
333 1833 470 1892 eiusdem
488 1832 614 1905 petitus,
632 1833 775 1905 paulatim
797 1834 988 1907 relinquente
1003 1851 1075 1894 eum

94 1919 229 1977 exercitu
246 1919 365 1991 lugiens
381 1917 408 1974 in
422 1917 553 1989 hospitis
567 1917 725 1975 cuiusdam
737 1915 848 1975 nobilis
864 1917 934 1989 viri,
951 1919 1074 1977 nomine

95 2001 221 2074 Cameli,
239 2002 330 2061 domo
345 2001 383 2060 ab
405 2000 468 2072 his,
490 2016 569 2073 quos
587 2001 711 2059 miserat
730 2000 897 2071 Antonius
919 2001 1074 2075 iugulatus

95 2092 156 2157 est,
179 2086 426 2157 iustissimasque
449 2084 560 2158 optime
582 2084 620 2141 de
641 2100 675 2141 se
689 2082 796 2142 merito
815 2083 878 2140 viro
901 2082 932 2141 C.
949 2084 1074 2143 Caesari

2 2199 64 2226 ψ-
94 2184 211 2243 poenas
240 2169 337 2241 dedit,
363 2166 449 2227 cuius
472 2184 540 2225 cum
561 2169 592 2224 ia
619 2165 721 2239 primis
748 2166 879 2225 omnium
907 2167 1075 2227 amicorum

96 2250 219 2323 luisset,
239 2252 413 2310 interlector
429 2251 484 2310 luit
498 2258 528 2309 et
543 2251 696 2321 fortunae,
719 2265 758 2306 ex
774 2265 836 2323 qua
851 2250 980 2308 fructum
996 2253 1074 2311 tule·
1128 2264 1129 2268 ’

95 2343 157 2407 rat,
175 2335 354 2394 invidiamin
364 2342 519 2393 auctorem
534 2332 703 2405 relegabat,
720 2332 927 2405 censebatque
941 2349 1075 2407 aequum

97 2434 176 2492 quae
192 2427 353 2491 acceperat
368 2418 523 2475 aCaesare
536 2416 681 2483 retinere,
699 2416 874 2486 Caesarem,
892 2416 944 2489 qui
958 2417 1009 2475 illa
1021 2418 1075 2476 de-

67 2517 84 2567 2
97 2503 190 2574 derat,
205 2503 331 2573 perisse.
354 2501 436 2558 Haec
448 2504 518 2558 sunt
528 2506 681 2572 tempora,
697 2498 807 2571 quibus
820 2497 860 2556 Μ.
873 2498 987 2558 Tullius
1000 2516 1074 2559 con-

96 2583 187 2642 tinuis
203 2583 370 2642 actionibus
387 2588 526 2640 aeternas
542 2582 655 2641 Antoni
671 2580 835 2639 memoriae
847 2581 957 2641 inussit
967 2589 1073 2653 notas;

97 2666 217 2726 sedhic
234 2662 456 2739 fulgentissimo
474 2672 504 2724 et
521 2665 645 2724 coelesti
661 2680 729 2738 ore,
753 2671 783 2723 at
798 2665 935 2723 tribunus
953 2664 1074 2725 Cannu-

67 2761 84 2813 3
96 2749 155 2809 tius
172 2750 315 2808 continua
329 2747 413 2808 rabie
431 2748 584 2807 lacerabat
598 2747 773 2808 Antonium.
798 2748 926 2821 Utrique
940 2748 1075 2809 vindicta

95 2833 240 2892 libertatis
252 2840 348 2892 morte
362 2832 457 2902 stetit;
474 2833 531 2891 sed
544 2832 653 2891 tribuni
665 2830 814 2905 sanguine
826 2830 990 2890 commissa
1001 2849 1074 2906 pro·

95 2917 238 2990 scriptio,
268 2915 421 2976 Ciceronis
450 2918 533 2975 velut
561 2916 668 2976 satiato
696 2914 830 2975 Antonio
855 2929 953 2988 paene
978 2914 1073 2974 linita.

95 3000 230 3073 Lepidus
256 3001 366 3059 deinde
392 3017 410 3057 a
435 3007 542 3058 senatu
566 3000 664 3059 hostis
691 2998 841 3057 iudicatus
864 3003 925 3070 est,
951 3006 983 3058 ut
1004 3004 1076 3059 ante

97 3083 193 3140 luerat
207 3084 367 3142 Antonius

68 3182 83 3231 1
178 3164 268 3223 LXV.
289 3168 362 3224 Turn
378 3168 454 3223 inter
465 3180 532 3224 enm
542 3166 764 3236 Caesaremque
777 3165 976 3225 etAntonium
990 3180 1059 3223 corn

96 3249 209 3308 mercia
220 3248 417 3322 epistularum
429 3256 458 3306 et
473 3248 685 3307 condicionum
698 3244 776 3307 iacta
789 3249 915 3320 mentio,
933 3263 1000 3307 cum
1008 3250 1066 3305 An-

98 3333 198 3393 tonius
224 3339 253 3390 et
273 3330 402 3390 subinde
424 3330 583 3390 Caesarem
606 3331 797 3402 admoneret,
821 3348 912 3405 qnam
933 3329 1075 3389 inimicae

97 3414 157 3490 ipsi
168 3415 369 3491 Pompeianae
386 3421 487 3488 partes
504 3416 601 3473 forent
612 3420 643 3472 et
656 3414 685 3471 in
702 3415 784 3487 quod
801 3415 859 3473 iam
873 3414 1072 3476 emersissent
