2266 3832
422 218 609 273 LIBERll
862 239 864 243 ¹
959 213 979 273 9

64 379 200 439 obsidens
217 383 310 457 cepit,
343 382 562 460 antiquissimam
584 379 680 439 ltaliae
699 389 784 459 atque
802 380 974 440 ditissimam.
984 373 1041 420 36·

64 462 133 522 Post
144 481 205 521 eam
218 466 296 540 cepit
311 473 338 523 et
350 463 490 538 Faliscos,
509 479 565 522 uon
581 467 670 522 minus
685 464 808 524 nobilem
825 465 973 524 civitatem
984 439 1031 549 1⁵2,

64 545 124 605 Sed
136 550 358 606 commotaestei
371 546 484 621 invidia,
496 566 575 624 quasi
570 547 721 623 'praedam
732 548 804 607 male
818 547 973 623 divisisset,
984 576 1029 619 301
1034 537 1040 551 ’

64 629 309 707 damnatusqoeob
323 649 384 690 eam
398 649 524 691 caussam
533 640 561 688 et
568 630 702 707 expulsos
715 633 828 691 civitate
838 639 891 690 est.
914 631 975 689 Sta·
984 647 1011 690 a
1015 644 1041 685 u.

63 715 112 771 tim
125 711 195 771 Galli
207 713 338 773 Senones
355 715 389 773 ad
402 715 498 773 urbem
513 722 666 789 venerunt,
685 723 713 774 et
724 717 816 773 victos
833 712 1033 774 Romanos³⁶⁴·

62 795 213 855 undecimo
227 797 344 856 miliario
357 797 471 856 alioma
484 798 558 874 apud
571 797 780 857 llumenAlliam
792 799 883 857 secuti
896 800 977 857 etiam

63 880 161 938 urbem
173 891 354 958 occuparunt
388 881 488 958 Neque
508 880 621 939 defendi
639 881 806 981 quidquam,
827 883 880 941 nisi
894 879 976 958 Capi·

62 963 179 1039 tolium,
197 967 303 1042 potuit,
336 964 414 1043 qood
429 983 491 1024 com
504 965 551 1023 diu
564 963 744 1023 obsedissent
755 975 783 1024 ct
794 967 847 1024 itam
859 965 976 1025 Romani

63 1047 137 1105 fame
147 1046 317 1124 laborarent,
331 1067 346 1108 a
359 1047 488 1123 Camillo,
502 1050 549 1125 qui
562 1050 589 1106 in
601 1049 692 1106 vicina
709 1050 822 1108 civitate
833 1048 1032 1123 exclamato

64 1128 151 1188 Gallis
172 1093 370 1208 superventum
388 1141 433 1190 est
448 1133 674 1208 gravissimeque
685 1133 752 1190 victi
769 1141 841 1194 sont.
873 1092 1027 1190 Ροεῑειι365·

62 1223 155 1273 tamen
169 1224 289 1292 accepto
305 1218 388 1274 ctiam
402 1233 488 1290 auro,
508 1233 545 1273 ne
558 1213 727 1292 Capitolium
740 1216 914 1290 obsiderent,
931 1232 975 1273 re·

63 1308 221 1373 cesserunt,
230 1298 462 1357 sedsecutoseos
472 1259 626 1357 damnus
617 1307 655 1357 rta
664 1299 778 1375 cecidit,
791 1308 857 1358 utet
868 1316 974 1372 aunum,

62 1380 139 1458 quod
153 1383 187 1438 iis
200 1379 292 1439 datum
304 1381 405 1455 iuerat,
425 1391 453 1440 et
466 1383 572 1457 omnia,
593 1399 665 1459 quae
678 1391 829 1459 ceperant,
848 1380 975 1440 militaria

62 1466 143 1540 signa
154 1473 310 1524 revocaret.
333 1462 374 1523 lta
387 1467 470 1524 tertio
483 1466 655 1542 triumphans
667 1466 764 1525 urbem
776 1467 922 1543 ingressus
930 1472 1035 1531 estun,

40 1575 42 1577 ·
62 1555 90 1606 et
99 1548 257 1625 appellatus
271 1548 566 1625 secondusliomnlus,
581 1549 660 1626 quasi
672 1558 701 1607 et
712 1551 775 1626 ipse
783 1553 888 1627 patriae
900 1566 967 1607 eon·
980 1554 1028 1600 ³⁶⁶·

62 1629 144 1690 ditor.

432 1742 630 1752 ’.κ-ι·-

160 1839 165 1844 ’
265 1846 767 1914 llllllllSlldllllllllS.

346 2033 671 2096 ,nuounnnnuna

115 2135 137 2185 l.
157 2134 260 2182 Tribuni
278 2133 399 2183 militares
416 2134 541 2182 consulari
561 2140 686 2198 potestate
702 2148 748 2197 pro
768 2134 866 2182 duobus
885 2149 974 2182 cousu-

62 2202 127 2250 libus
145 2210 267 2250 creantur.
297 2201 415 2251 Camillus
423 2201 539 2260 Volscos,
557 2205 659 2264 Aequos
680 2208 705 2250 et
714 2200 836 2260 Sutrinos,
862 2199 887 2250 2.
899 2200 975 2259 Quin-

61 2272 111 2320 tius
130 2269 290 2320 Ciucinnutus
308 2271 482 2320 Praenestinos
501 2271 586 2318 vincit.
623 2267 649 2320 3.
669 2271 695 2318 Ιιι
714 2269 796 2318 locum
819 2269 975 2318 tribunorum

62 2341 208 2389 militarium
218 2341 342 2389 consulari
352 2347 476 2404 potestate
494 2340 632 2387 succedunt
640 2353 727 2387 rursus
738 2338 863 2388 consoles.
891 2334 917 2387 4.
929 2337 974 2388 Ca·

60 2409 121 2458 milli
138 2423 206 2458 mors
228 2416 252 2456 et
268 2409 332 2458 laus.
370 2409 394 2457 5.
414 2407 540 2457 Gallorum
567 2409 592 2456 in
615 2406 711 2456 ltaliam
738 2408 883 2456 irruentium
904 2407 974 2473 iuga

60 2475 86 2528 6.
107 2476 203 2526 Census
221 2479 310 2526 iterum
326 2477 442 2526 babetur.
471 2476 504 2524 ll.
522 2476 640 2525 Valerius
658 2477 683 2525 in
698 2476 821 2541 singulari
840 2479 974 2526 certamine

61 2545 159 2594 Gallum
170 2547 255 2595 uincit.
283 2543 306 2597 7.
318 2546 415 2595 Bellum
433 2555 518 2594 contra
526 2545 628 2594 Latinos
644 2560 765 2609 prospere
775 2553 883 2610 gestum.
908 2542 935 2595 8.
946 2542 972 2598 9.

59 2615 152 2663 Variae
172 2613 321 2663 Samnitium
339 2615 433 2674 clades,
452 2614 543 2676 quibus
562 2613 705 2662 diuturnum
725 2613 787 2662 illud
805 2615 898 2663 bellum
915 2615 974 2662 sub-

60 2684 138 2732 latum
156 2691 202 2734 est.
242 2681 281 2732 10
299 2685 411 2732 Victoria
436 2683 466 2730 de
485 2682 563 2732 Gallis
582 2683 731 2746 illorumque
749 2684 825 2732 sociis
841 2683 929 2731 Tuscis
949 2690 973 2730 et

60 2751 222 2801 Samnitibus.
253 2751 306 2800 ll·
318 2749 358 2801 14.
376 2751 472 2800 Bellum
488 2751 649 2800 Tarentinum
669 2759 693 2800 et
711 2767 767 2800 enm
784 2751 885 2816 Pyrrho,
903 2751 973 2814 Epiri

59 2835 129 2885 rege,
144 2820 212 2868 ltalis
229 2821 312 2869 multis
332 2821 416 2872 sociis.
447 2818 488 2871 15.
504 2820 662 2869 Ptolemaeus
680 2820 801 2884 Aegypti
806 2834 851 2869 rex
876 2819 898 2866 le
919 2826 972 2866 atos

61 2889 166 2937 Romam
185 2891 266 2942 mittit.
290 2886 332 2939 16.
353 2889 466 2937 Picentes
484 2889 617 2937 vincuntur
636 2883 677 2938 17.
692 2878 864 2938 etSallentini.
885 2887 898 2935 l
929 2885 972 2938 l8.

60 2956 187 3006 Census'
167 2959 268 3007 civium.
294 2958 389 3006 Bellum
401 2958 521 3006 Punicum
531 2957 640 3021 primum
658 2958 762 3019 eiusque
772 2956 885 3005 diversae
894 2956 971 3004 vices.

125 3041 212 3102 Gan.
232 3040 254 3099 1.
287 3041 369 3100 Anno
391 3043 590 3101 trecentesimo
613 3042 793 3118 sexagesimo
817 3041 914 3116 quinto
936 3039 972 3098 ab

58 3125 130 3183 urbo
143 3126 265 3199 condita,
280 3135 346 3201 post
359 3135 468 3201 captam
483 3135 576 3184 autem
589 3127 694 3203 primo,
719 3125 869 3200 dignitates
885 3131 972 3181 muta·

60 3217 105 3266 tae
122 3219 201 3284 sont,
223 3217 252 3266 et
271 3225 321 3285 pro
335 3209 444 3268 duobus
464 3208 627 3267 consulibus
642 3208 708 3266 lacti
721 3207 822 3265 tribuni
838 3207 969 3265 militares
981 3224 1038 3270 ao.

60 3293 202 3351 consulari
215 3300 365 3368 potestate.
388 3291 460 3351 Hinc
471 3294 524 3350 iam
535 3291 762 3368 coepitRomana
771 3308 816 3348 res
826 3307 967 3348 crescere.
979 3291 1027 3335 ⁸¹¹·

58 3375 129 3434 Nam
144 3375 276 3434 Camillus
289 3391 325 3433 eo
337 3374 586 3433 annoVolscorom
599 3376 756 3448 civitatem,
777 3389 909 3450 quaeper
926 3389 970 3430 se·
