<?xml version="1.0" encoding="UTF-8"?>
<!DOCTYPE html PUBLIC "-//W3C//DTD XHTML 1.0 Transitional//EN"
    "http://www.w3.org/TR/xhtml1/DTD/xhtml1-transitional.dtd">
<html xmlns="http://www.w3.org/1999/xhtml" xml:lang="en" lang="en">
 <head>
  <title>
</title>
<meta http-equiv="Content-Type" content="text/html;charset=utf-8" />
  <meta name='ocr-system' content='tesseract 3.04.00' />
  <meta name='ocr-capabilities' content='ocr_page ocr_carea ocr_par ocr_line ocrx_word'/>
</head>
<body>
  <div class='ocr_page' id='page_1' title='image "./eutropiibreviar01crugoog_0042.png"; bbox 0 0 2310 3840; ppageno 0'>
   <div class='ocr_carea' id='block_1_1' title="bbox 444 204 999 268">
    <p class='ocr_par' dir='ltr' id='par_1_1' title="bbox 444 204 999 268">
     <span class='ocr_line' id='line_1_1' title="bbox 444 204 999 268; baseline 0.007 -4"><span class='ocrx_word' id='word_1_1' title='bbox 444 207 581 264; x_wconf 75' lang='lat' dir='ltr'>tuctu</span> <span class='ocrx_word' id='word_1_2' title='bbox 607 209 646 263; x_wconf 87' lang='lat' dir='ltr'>lll.</span> <span class='ocrx_word' id='word_1_3' title='bbox 956 204 999 268; x_wconf 76' lang='lat'>27</span> 
     </span>
    </p>
   </div>
   <div class='ocr_carea' id='block_1_2' title="bbox 83 370 1064 3029">
    <p class='ocr_par' dir='ltr' id='par_1_2' title="bbox 86 370 1064 865">
     <span class='ocr_line' id='line_1_2' title="bbox 88 370 998 450; baseline 0.001 -21"><span class='ocrx_word' id='word_1_4' title='bbox 88 370 199 450; x_wconf 90' lang='lat' dir='ltr'>proelio</span> <span class='ocrx_word' id='word_1_5' title='bbox 216 372 318 429; x_wconf 86' lang='lat' dir='ltr'>victus.</span> <span class='ocrx_word' id='word_1_6' title='bbox 354 370 457 450; x_wconf 88' lang='lat' dir='ltr'>Neque</span> <span class='ocrx_word' id='word_1_7' title='bbox 473 381 564 430; x_wconf 87' lang='lat' dir='ltr'>tamen</span> <span class='ocrx_word' id='word_1_8' title='bbox 581 370 716 445; x_wconf 84' lang='lat' dir='ltr'>Romani,</span> <span class='ocrx_word' id='word_1_9' title='bbox 739 387 896 448; x_wconf 83' lang='lat' dir='ltr'>quanquam</span> <span class='ocrx_word' id='word_1_10' title='bbox 913 387 998 448; x_wconf 92' lang='lat' dir='ltr'>supe-</span> 
     </span>
     <span class='ocr_line' id='line_1_3' title="bbox 86 453 997 532; baseline -0.001 -18"><span class='ocrx_word' id='word_1_11' title='bbox 86 457 149 530; x_wconf 90' lang='lat' dir='ltr'>rati,</span> <span class='ocrx_word' id='word_1_12' title='bbox 166 456 227 531; x_wconf 81' lang='lat' dir='ltr'>regi</span> <span class='ocrx_word' id='word_1_13' title='bbox 244 456 350 532; x_wconf 90' lang='lat' dir='ltr'>petenti</span> <span class='ocrx_word' id='word_1_14' title='bbox 363 471 462 531; x_wconf 91' lang='lat' dir='ltr'>pacem</span> <span class='ocrx_word' id='word_1_15' title='bbox 474 463 619 532; x_wconf 87' lang='lat' dir='ltr'>praestare</span> <span class='ocrx_word' id='word_1_16' title='bbox 630 453 791 528; x_wconf 87' lang='lat' dir='ltr'>voluerunt,</span> <span class='ocrx_word' id='word_1_17' title='bbox 806 454 914 512; x_wconf 87' lang='lat' dir='ltr'>nisibis</span> <span class='ocrx_word' id='word_1_18' title='bbox 931 472 997 513; x_wconf 88' lang='lat' dir='ltr'>con·</span> 
     </span>
     <span class='ocr_line' id='line_1_4' title="bbox 88 536 997 614; baseline 0.002 -18"><span class='ocrx_word' id='word_1_19' title='bbox 88 538 261 597; x_wconf 81' lang='lat' dir='ltr'>dicionibus:</span> <span class='ocrx_word' id='word_1_20' title='bbox 281 546 314 596; x_wconf 86' lang='lat' dir='ltr'>ut</span> <span class='ocrx_word' id='word_1_21' title='bbox 327 557 361 599; x_wconf 79' lang='lat' dir='ltr'>aa</span> <span class='ocrx_word' id='word_1_22' title='bbox 376 547 405 599; x_wconf 87' lang='lat' dir='ltr'>et</span> <span class='ocrx_word' id='word_1_23' title='bbox 416 556 487 598; x_wconf 80' lang='lat' dir='ltr'>suos</span> <span class='ocrx_word' id='word_1_24' title='bbox 498 539 618 598; x_wconf 71' lang='lat' dir='ltr'>amount</span> <span class='ocrx_word' id='word_1_25' title='bbox 633 545 662 597; x_wconf 89' lang='lat' dir='ltr'>et</span> <span class='ocrx_word' id='word_1_26' title='bbox 676 537 788 614; x_wconf 87' lang='lat' dir='ltr'>populo</span> <span class='ocrx_word' id='word_1_27' title='bbox 803 536 888 596; x_wconf 83' lang='lat' dir='ltr'>Rom.</span> <span class='ocrx_word' id='word_1_28' title='bbox 903 538 997 598; x_wconf 79' lang='lat' dir='ltr'>dede-</span> 
     </span>
     <span class='ocr_line' id='line_1_5' title="bbox 86 618 1064 708; baseline -0.001 -29"><span class='ocrx_word' id='word_1_29' title='bbox 86 631 143 682; x_wconf 88' lang='lat' dir='ltr'>ret.</span> <span class='ocrx_word' id='word_1_30' title='bbox 167 619 234 682; x_wconf 86' lang='lat' dir='ltr'>llox</span> <span class='ocrx_word' id='word_1_31' title='bbox 244 621 347 679; x_wconf 93' lang='lat' dir='ltr'>missus</span> <span class='ocrx_word' id='word_1_32' title='bbox 363 630 460 680; x_wconf 89' lang='lat' dir='ltr'>contra</span> <span class='ocrx_word' id='word_1_33' title='bbox 475 639 537 708; x_wconf 76' lang='lat' dir='ltr'>cum</span> <span class='ocrx_word' id='word_1_34' title='bbox 549 619 580 679; x_wconf 86' lang='lat' dir='ltr'>b.</span> <span class='ocrx_word' id='word_1_35' title='bbox 593 619 729 680; x_wconf 79' lang='lat' dir='ltr'>Aemilius</span> <span class='ocrx_word' id='word_1_36' title='bbox 743 618 845 678; x_wconf 89' lang='lat' dir='ltr'>Paulus</span> <span class='ocrx_word' id='word_1_37' title='bbox 859 620 958 678; x_wconf 91' lang='lat' dir='ltr'>consul</span> <span class='ocrx_word' id='word_1_38' title='bbox 971 629 1064 690; x_wconf 59' lang='lat' dir='ltr'>etun,</span> 
     </span>
     <span class='ocr_line' id='line_1_6' title="bbox 86 701 1048 782; baseline -0.001 -19"><span class='ocrx_word' id='word_1_39' title='bbox 86 707 114 763; x_wconf 91' lang='lat' dir='ltr'>in</span> <span class='ocrx_word' id='word_1_40' title='bbox 130 703 274 782; x_wconf 88' lang='lat' dir='ltr'>lllyricum</span> <span class='ocrx_word' id='word_1_41' title='bbox 286 701 319 763; x_wconf 83' lang='lat' dir='ltr'>G.</span> <span class='ocrx_word' id='word_1_42' title='bbox 329 704 446 763; x_wconf 80' lang='lat' dir='ltr'>Anicius</span> <span class='ocrx_word' id='word_1_43' title='bbox 461 712 574 781; x_wconf 89' lang='lat' dir='ltr'>praetor</span> <span class='ocrx_word' id='word_1_44' title='bbox 584 712 680 763; x_wconf 88' lang='lat' dir='ltr'>contra</span> <span class='ocrx_word' id='word_1_45' title='bbox 693 701 831 762; x_wconf 59' lang='lat' dir='ltr'>Gentium,</span> <span class='ocrx_word' id='word_1_46' title='bbox 853 703 909 763; x_wconf 88' lang='lat' dir='ltr'>Sed</span> <span class='ocrx_word' id='word_1_47' title='bbox 922 702 996 762; x_wconf 90' lang='lat' dir='ltr'>Gen·</span> <span class='ocrx_word' id='word_1_48' title='bbox 1010 709 1048 749; x_wconf 72' lang='lat'>³⁸⁴</span> 
     </span>
     <span class='ocr_line' id='line_1_7' title="bbox 87 785 997 865; baseline -0.001 -19"><span class='ocrx_word' id='word_1_49' title='bbox 87 790 141 846; x_wconf 87' lang='lat' dir='ltr'>tius</span> <span class='ocrx_word' id='word_1_50' title='bbox 151 787 237 846; x_wconf 87' lang='lat' dir='ltr'>ianile</span> <span class='ocrx_word' id='word_1_51' title='bbox 250 804 304 846; x_wconf 90' lang='lat' dir='ltr'>uno</span> <span class='ocrx_word' id='word_1_52' title='bbox 317 787 428 865; x_wconf 93' lang='lat' dir='ltr'>proelio</span> <span class='ocrx_word' id='word_1_53' title='bbox 440 789 532 847; x_wconf 86' lang='lat' dir='ltr'>victus</span> <span class='ocrx_word' id='word_1_54' title='bbox 547 805 614 846; x_wconf 83' lang='lat' dir='ltr'>mox</span> <span class='ocrx_word' id='word_1_55' title='bbox 627 805 659 846; x_wconf 88' lang='lat' dir='ltr'>se</span> <span class='ocrx_word' id='word_1_56' title='bbox 676 785 791 845; x_wconf 85' lang='lat' dir='ltr'>dedidit.</span> <span class='ocrx_word' id='word_1_57' title='bbox 826 785 916 846; x_wconf 85' lang='lat' dir='ltr'>blater</span> <span class='ocrx_word' id='word_1_58' title='bbox 935 788 997 846; x_wconf 87' lang='lat' dir='ltr'>sius</span> 
     </span>
    </p>

    <p class='ocr_par' dir='ltr' id='par_1_3' title="bbox 85 869 998 1179">
     <span class='ocr_line' id='line_1_8' title="bbox 87 869 997 949; baseline -0.001 -20"><span class='ocrx_word' id='word_1_59' title='bbox 87 880 116 929; x_wconf 91' lang='lat' dir='ltr'>et</span> <span class='ocrx_word' id='word_1_60' title='bbox 126 888 198 929; x_wconf 84' lang='lat' dir='ltr'>uxor</span> <span class='ocrx_word' id='word_1_61' title='bbox 211 878 239 929; x_wconf 83' lang='lat' dir='ltr'>et</span> <span class='ocrx_word' id='word_1_62' title='bbox 255 869 310 929; x_wconf 93' lang='lat' dir='ltr'>duo</span> <span class='ocrx_word' id='word_1_63' title='bbox 323 870 382 946; x_wconf 91' lang='lat' dir='ltr'>lilii,</span> <span class='ocrx_word' id='word_1_64' title='bbox 399 870 486 930; x_wconf 87' lang='lat' dir='ltr'>irater</span> <span class='ocrx_word' id='word_1_65' title='bbox 498 887 614 949; x_wconf 87' lang='lat' dir='ltr'>quoque</span> <span class='ocrx_word' id='word_1_66' title='bbox 626 869 708 929; x_wconf 90' lang='lat' dir='ltr'>simul</span> <span class='ocrx_word' id='word_1_67' title='bbox 724 872 752 929; x_wconf 92' lang='lat' dir='ltr'>in</span> <span class='ocrx_word' id='word_1_68' title='bbox 764 879 932 947; x_wconf 88' lang='lat' dir='ltr'>potestatem</span> <span class='ocrx_word' id='word_1_69' title='bbox 940 871 997 929; x_wconf 83' lang='lat' dir='ltr'>llo·</span> 
     </span>
     <span class='ocr_line' id='line_1_9' title="bbox 85 951 998 1031; baseline 0.002 -19"><span class='ocrx_word' id='word_1_70' title='bbox 85 970 229 1012; x_wconf 90' lang='lat' dir='ltr'>manorum</span> <span class='ocrx_word' id='word_1_71' title='bbox 240 963 386 1012; x_wconf 85' lang='lat' dir='ltr'>uenerunt.</span> <span class='ocrx_word' id='word_1_72' title='bbox 417 951 461 1014; x_wconf 88' lang='lat' dir='ltr'>lta</span> <span class='ocrx_word' id='word_1_73' title='bbox 472 953 549 1013; x_wconf 89' lang='lat' dir='ltr'>bello</span> <span class='ocrx_word' id='word_1_74' title='bbox 564 956 634 1013; x_wconf 87' lang='lat' dir='ltr'>intra</span> <span class='ocrx_word' id='word_1_75' title='bbox 645 973 702 1013; x_wconf 79' lang='lat' dir='ltr'>xxx</span> <span class='ocrx_word' id='word_1_76' title='bbox 717 952 777 1011; x_wconf 86' lang='lat' dir='ltr'>dies</span> <span class='ocrx_word' id='word_1_77' title='bbox 792 955 921 1031; x_wconf 89' lang='lat' dir='ltr'>perlecto</span> <span class='ocrx_word' id='word_1_78' title='bbox 934 963 998 1014; x_wconf 87' lang='lat' dir='ltr'>ante</span> 
     </span>
     <span class='ocr_line' id='line_1_10' title="bbox 86 1034 997 1115; baseline 0.002 -21"><span class='ocrx_word' id='word_1_79' title='bbox 86 1039 230 1115; x_wconf 80' lang='lat' dir='ltr'>cognitum</span> <span class='ocrx_word' id='word_1_80' title='bbox 243 1045 287 1095; x_wconf 90' lang='lat' dir='ltr'>est</span> <span class='ocrx_word' id='word_1_81' title='bbox 297 1034 427 1096; x_wconf 82' lang='lat' dir='ltr'>Gentium</span> <span class='ocrx_word' id='word_1_82' title='bbox 439 1039 554 1113; x_wconf 85' lang='lat' dir='ltr'>victum,</span> <span class='ocrx_word' id='word_1_83' title='bbox 574 1055 656 1115; x_wconf 88' lang='lat' dir='ltr'>qnam</span> <span class='ocrx_word' id='word_1_84' title='bbox 672 1045 804 1113; x_wconf 89' lang='lat' dir='ltr'>coeptum</span> <span class='ocrx_word' id='word_1_85' title='bbox 815 1037 919 1097; x_wconf 90' lang='lat' dir='ltr'>bellum</span> <span class='ocrx_word' id='word_1_86' title='bbox 930 1057 997 1096; x_wconf 89' lang='lat' dir='ltr'>nun·</span> 
     </span>
     <span class='ocr_line' id='line_1_11' title="bbox 85 1122 210 1179; baseline -0.008 0"><span class='ocrx_word' id='word_1_87' title='bbox 85 1122 210 1179; x_wconf 89' lang='lat' dir='ltr'>tiaretur.</span> 
     </span>
    </p>

    <p class='ocr_par' dir='ltr' id='par_1_4' title="bbox 83 1200 998 2614">
     <span class='ocr_line' id='line_1_12' title="bbox 151 1200 996 1281; baseline 0.001 -20"><span class='ocrx_word' id='word_1_88' title='bbox 151 1203 238 1262; x_wconf 80' lang='lat' dir='ltr'>Gne.</span> <span class='ocrx_word' id='word_1_89' title='bbox 254 1200 314 1262; x_wconf 89' lang='lat' dir='ltr'>Vll.</span> <span class='ocrx_word' id='word_1_90' title='bbox 329 1200 409 1281; x_wconf 89' lang='lat' dir='ltr'>(lV.)</span> <span class='ocrx_word' id='word_1_91' title='bbox 437 1201 505 1262; x_wconf 76' lang='lat' dir='ltr'>(ium</span> <span class='ocrx_word' id='word_1_92' title='bbox 520 1201 626 1263; x_wconf 87' lang='lat' dir='ltr'>Perseo</span> <span class='ocrx_word' id='word_1_93' title='bbox 644 1212 737 1263; x_wconf 90' lang='lat' dir='ltr'>autem</span> <span class='ocrx_word' id='word_1_94' title='bbox 748 1202 884 1263; x_wconf 79' lang='lat' dir='ltr'>Aemilius</span> <span class='ocrx_word' id='word_1_95' title='bbox 896 1203 996 1263; x_wconf 89' lang='lat' dir='ltr'>Paulus</span> 
     </span>
     <span class='ocr_line' id='line_1_13' title="bbox 86 1284 996 1365; baseline 0.001 -20"><span class='ocrx_word' id='word_1_96' title='bbox 86 1285 186 1346; x_wconf 92' lang='lat' dir='ltr'>consul</span> <span class='ocrx_word' id='word_1_97' title='bbox 198 1308 228 1345; x_wconf 93' lang='grc' dir='ltr'>ιιι</span> <span class='ocrx_word' id='word_1_98' title='bbox 244 1284 317 1346; x_wconf 87' lang='lat' dir='ltr'>Non.</span> <span class='ocrx_word' id='word_1_99' title='bbox 330 1286 506 1363; x_wconf 81' lang='lat' dir='ltr'>Septembris</span> <span class='ocrx_word' id='word_1_100' title='bbox 518 1286 669 1361; x_wconf 76' lang='lat' dir='ltr'>dimicavit,</span> <span class='ocrx_word' id='word_1_101' title='bbox 685 1288 811 1365; x_wconf 85' lang='lat' dir='ltr'>vicitque</span> <span class='ocrx_word' id='word_1_102' title='bbox 825 1305 888 1345; x_wconf 93' lang='lat' dir='ltr'>eum</span> <span class='ocrx_word' id='word_1_103' title='bbox 899 1306 936 1346; x_wconf 82' lang='lat' dir='ltr'>xx</span> <span class='ocrx_word' id='word_1_104' title='bbox 948 1289 996 1346; x_wconf 92' lang='lat' dir='ltr'>mi·</span> 
     </span>
     <span class='ocr_line' id='line_1_14' title="bbox 85 1368 997 1448; baseline 0 -19"><span class='ocrx_word' id='word_1_105' title='bbox 85 1370 160 1430; x_wconf 91' lang='lat' dir='ltr'>libus</span> <span class='ocrx_word' id='word_1_106' title='bbox 177 1369 302 1448; x_wconf 88' lang='lat' dir='ltr'>peditum</span> <span class='ocrx_word' id='word_1_107' title='bbox 318 1370 379 1427; x_wconf 92' lang='lat' dir='ltr'>eius</span> <span class='ocrx_word' id='word_1_108' title='bbox 401 1370 516 1428; x_wconf 89' lang='lat' dir='ltr'>occisis.</span> <span class='ocrx_word' id='word_1_109' title='bbox 553 1368 701 1447; x_wconf 85' lang='lat' dir='ltr'>Equitatus</span> <span class='ocrx_word' id='word_1_110' title='bbox 722 1387 784 1428; x_wconf 94' lang='lat' dir='ltr'>cum</span> <span class='ocrx_word' id='word_1_111' title='bbox 800 1388 871 1447; x_wconf 81' lang='lat' dir='ltr'>rege</span> <span class='ocrx_word' id='word_1_112' title='bbox 887 1372 997 1447; x_wconf 85' lang='lat' dir='ltr'>integer</span> 
     </span>
     <span class='ocr_line' id='line_1_15' title="bbox 85 1451 997 1530; baseline 0 -18"><span class='ocrx_word' id='word_1_113' title='bbox 85 1453 167 1530; x_wconf 80' lang='lat' dir='ltr'>sugit.</span> <span class='ocrx_word' id='word_1_114' title='bbox 197 1452 386 1512; x_wconf 87' lang='lat' dir='ltr'>Romanorum</span> <span class='ocrx_word' id='word_1_115' title='bbox 401 1473 417 1512; x_wconf 90' lang='lat' dir='ltr'>c</span> <span class='ocrx_word' id='word_1_116' title='bbox 430 1451 533 1512; x_wconf 86' lang='lat' dir='ltr'>milites</span> <span class='ocrx_word' id='word_1_117' title='bbox 549 1455 644 1512; x_wconf 89' lang='lat' dir='ltr'>amissi</span> <span class='ocrx_word' id='word_1_118' title='bbox 661 1461 734 1512; x_wconf 91' lang='lat' dir='ltr'>sunt.</span> <span class='ocrx_word' id='word_1_119' title='bbox 757 1452 849 1513; x_wconf 88' lang='lat' dir='ltr'>Urbes</span> <span class='ocrx_word' id='word_1_120' title='bbox 864 1452 997 1512; x_wconf 83' lang='lat' dir='ltr'>Macedo·</span> 
     </span>
     <span class='ocr_line' id='line_1_16' title="bbox 85 1535 997 1614; baseline 0.001 -19"><span class='ocrx_word' id='word_1_121' title='bbox 85 1538 149 1595; x_wconf 88' lang='lat' dir='ltr'>niae</span> <span class='ocrx_word' id='word_1_122' title='bbox 165 1553 281 1612; x_wconf 89' lang='lat' dir='ltr'>omnes,</span> <span class='ocrx_word' id='word_1_123' title='bbox 303 1553 372 1614; x_wconf 88' lang='lat' dir='ltr'>quas</span> <span class='ocrx_word' id='word_1_124' title='bbox 389 1553 440 1595; x_wconf 85' lang='lat' dir='ltr'>rex</span> <span class='ocrx_word' id='word_1_125' title='bbox 456 1545 598 1612; x_wconf 89' lang='lat' dir='ltr'>tenuerat,</span> <span class='ocrx_word' id='word_1_126' title='bbox 617 1537 750 1596; x_wconf 86' lang='lat' dir='ltr'>Romanis</span> <span class='ocrx_word' id='word_1_127' title='bbox 767 1555 799 1596; x_wconf 92' lang='lat' dir='ltr'>se</span> <span class='ocrx_word' id='word_1_128' title='bbox 821 1535 997 1596; x_wconf 87' lang='lat' dir='ltr'>dediderunt.</span> 
     </span>
     <span class='ocr_line' id='line_1_17' title="bbox 85 1618 997 1697; baseline -0.001 -18"><span class='ocrx_word' id='word_1_129' title='bbox 85 1620 152 1696; x_wconf 88' lang='lat' dir='ltr'>lpse</span> <span class='ocrx_word' id='word_1_130' title='bbox 164 1637 225 1696; x_wconf 86' lang='lat' dir='ltr'>rex,</span> <span class='ocrx_word' id='word_1_131' title='bbox 239 1637 302 1678; x_wconf 91' lang='lat' dir='ltr'>eum</span> <span class='ocrx_word' id='word_1_132' title='bbox 315 1618 495 1678; x_wconf 88' lang='lat' dir='ltr'>desereretur·</span> <span class='ocrx_word' id='word_1_133' title='bbox 506 1619 541 1678; x_wconf 91' lang='lat' dir='ltr'>ab</span> <span class='ocrx_word' id='word_1_134' title='bbox 557 1621 671 1696; x_wconf 89' lang='lat' dir='ltr'>amicis,</span> <span class='ocrx_word' id='word_1_135' title='bbox 693 1621 770 1679; x_wconf 85' lang='lat' dir='ltr'>venit</span> <span class='ocrx_word' id='word_1_136' title='bbox 788 1622 815 1678; x_wconf 94' lang='lat' dir='ltr'>in</span> <span class='ocrx_word' id='word_1_137' title='bbox 826 1618 904 1679; x_wconf 88' lang='lat' dir='ltr'>Pauli</span> <span class='ocrx_word' id='word_1_138' title='bbox 917 1629 997 1697; x_wconf 87' lang='lat' dir='ltr'>pote·</span> 
     </span>
     <span class='ocr_line' id='line_1_18' title="bbox 85 1701 997 1781; baseline -0.003 -18"><span class='ocrx_word' id='word_1_139' title='bbox 85 1711 194 1763; x_wconf 89' lang='lat' dir='ltr'>statem.</span> <span class='ocrx_word' id='word_1_140' title='bbox 218 1701 276 1761; x_wconf 87' lang='lat' dir='ltr'>Sed</span> <span class='ocrx_word' id='word_1_141' title='bbox 289 1702 424 1761; x_wconf 91' lang='lat' dir='ltr'>bonorem</span> <span class='ocrx_word' id='word_1_142' title='bbox 441 1704 466 1761; x_wconf 89' lang='lat' dir='ltr'>ei</span> <span class='ocrx_word' id='word_1_143' title='bbox 478 1701 615 1762; x_wconf 85' lang='lat' dir='ltr'>Aemilius</span> <span class='ocrx_word' id='word_1_144' title='bbox 632 1720 688 1762; x_wconf 92' lang='lat' dir='ltr'>non</span> <span class='ocrx_word' id='word_1_145' title='bbox 701 1705 782 1781; x_wconf 88' lang='lat' dir='ltr'>quasi</span> <span class='ocrx_word' id='word_1_146' title='bbox 798 1704 874 1762; x_wconf 87' lang='lat' dir='ltr'>victo</span> <span class='ocrx_word' id='word_1_147' title='bbox 892 1704 997 1762; x_wconf 88' lang='lat' dir='ltr'>babuit.</span> 
     </span>
     <span class='ocr_line' id='line_1_19' title="bbox 84 1784 998 1863; baseline -0.001 -17"><span class='ocrx_word' id='word_1_148' title='bbox 84 1785 156 1846; x_wconf 89' lang='lat' dir='ltr'>Nam</span> <span class='ocrx_word' id='word_1_149' title='bbox 175 1793 204 1845; x_wconf 87' lang='lat' dir='ltr'>et</span> <span class='ocrx_word' id='word_1_150' title='bbox 221 1784 365 1844; x_wconf 85' lang='lat' dir='ltr'>volentem</span> <span class='ocrx_word' id='word_1_151' title='bbox 384 1784 419 1844; x_wconf 91' lang='lat' dir='ltr'>ad</span> <span class='ocrx_word' id='word_1_152' title='bbox 438 1784 526 1862; x_wconf 86' lang='lat' dir='ltr'>pedes</span> <span class='ocrx_word' id='word_1_153' title='bbox 543 1787 596 1845; x_wconf 91' lang='lat' dir='ltr'>sibi</span> <span class='ocrx_word' id='word_1_154' title='bbox 614 1785 717 1845; x_wconf 88' lang='lat' dir='ltr'>cadere</span> <span class='ocrx_word' id='word_1_155' title='bbox 732 1803 787 1845; x_wconf 92' lang='lat' dir='ltr'>non</span> <span class='ocrx_word' id='word_1_156' title='bbox 807 1788 948 1863; x_wconf 82' lang='lat' dir='ltr'>permisit,</span> <span class='ocrx_word' id='word_1_157' title='bbox 971 1794 998 1845; x_wconf 88' lang='lat' dir='ltr'>et</span> 
     </span>
     <span class='ocr_line' id='line_1_20' title="bbox 84 1867 998 1947; baseline -0.002 -18"><span class='ocrx_word' id='word_1_158' title='bbox 84 1872 161 1930; x_wconf 85' lang='lat' dir='ltr'>iuxta</span> <span class='ocrx_word' id='word_1_159' title='bbox 179 1886 212 1928; x_wconf 87' lang='lat' dir='ltr'>se</span> <span class='ocrx_word' id='word_1_160' title='bbox 228 1870 256 1928; x_wconf 90' lang='lat' dir='ltr'>in</span> <span class='ocrx_word' id='word_1_161' title='bbox 274 1868 344 1928; x_wconf 89' lang='lat' dir='ltr'>sella</span> <span class='ocrx_word' id='word_1_162' title='bbox 364 1867 524 1928; x_wconf 89' lang='lat' dir='ltr'>collocavit.</span> <span class='ocrx_word' id='word_1_163' title='bbox 558 1868 759 1928; x_wconf 83' lang='lat' dir='ltr'>Macedonibus</span> <span class='ocrx_word' id='word_1_164' title='bbox 778 1878 806 1928; x_wconf 89' lang='lat' dir='ltr'>et</span> <span class='ocrx_word' id='word_1_165' title='bbox 821 1868 926 1947; x_wconf 89' lang='lat' dir='ltr'>Illyriis</span> <span class='ocrx_word' id='word_1_166' title='bbox 944 1870 998 1929; x_wconf 91' lang='lat' dir='ltr'>bae</span> 
     </span>
     <span class='ocr_line' id='line_1_21' title="bbox 84 1951 996 2031; baseline 0.001 -18"><span class='ocrx_word' id='word_1_167' title='bbox 84 1951 167 2031; x_wconf 72' lang='lat' dir='ltr'>leges</span> <span class='ocrx_word' id='word_1_168' title='bbox 182 1951 343 2012; x_wconf 84' lang='lat' dir='ltr'>allomanis</span> <span class='ocrx_word' id='word_1_169' title='bbox 361 1951 456 2012; x_wconf 88' lang='lat' dir='ltr'>datae:</span> <span class='ocrx_word' id='word_1_170' title='bbox 469 1960 502 2012; x_wconf 86' lang='lat' dir='ltr'>ut</span> <span class='ocrx_word' id='word_1_171' title='bbox 515 1953 605 2014; x_wconf 73' lang='lat' dir='ltr'>liberi</span> <span class='ocrx_word' id='word_1_172' title='bbox 615 1960 715 2014; x_wconf 79' lang='lat' dir='ltr'>esseut</span> <span class='ocrx_word' id='word_1_173' title='bbox 732 1962 760 2014; x_wconf 89' lang='lat' dir='ltr'>et</span> <span class='ocrx_word' id='word_1_174' title='bbox 772 1955 931 2014; x_wconf 79' lang='lat' dir='ltr'>dirmidium</span> <span class='ocrx_word' id='word_1_175' title='bbox 947 1971 996 2014; x_wconf 87' lang='lat' dir='ltr'>eo·</span> 
     </span>
     <span class='ocr_line' id='line_1_22' title="bbox 84 2036 996 2114; baseline -0.001 -18"><span class='ocrx_word' id='word_1_176' title='bbox 84 2055 153 2096; x_wconf 82' lang='lat' dir='ltr'>rum</span> <span class='ocrx_word' id='word_1_177' title='bbox 168 2036 348 2096; x_wconf 69' lang='lat' dir='ltr'>tributorum</span> <span class='ocrx_word' id='word_1_178' title='bbox 360 2043 573 2114; x_wconf 77' lang='lat' dir='ltr'>praestarent,</span> <span class='ocrx_word' id='word_1_179' title='bbox 600 2052 680 2112; x_wconf 83' lang='lat' dir='ltr'>quae</span> <span class='ocrx_word' id='word_1_180' title='bbox 693 2036 813 2111; x_wconf 79' lang='lat' dir='ltr'>rapidus</span> <span class='ocrx_word' id='word_1_181' title='bbox 823 2038 996 2113; x_wconf 77' lang='lat' dir='ltr'>praestitis-</span> 
     </span>
     <span class='ocr_line' id='line_1_23' title="bbox 85 2117 997 2197; baseline -0.002 -17"><span class='ocrx_word' id='word_1_182' title='bbox 85 2127 172 2196; x_wconf 82' lang='lat' dir='ltr'>sent,</span> <span class='ocrx_word' id='word_1_183' title='bbox 196 2126 227 2178; x_wconf 89' lang='lat' dir='ltr'>nt</span> <span class='ocrx_word' id='word_1_184' title='bbox 250 2127 416 2197; x_wconf 79' lang='lat' dir='ltr'>appareret,</span> <span class='ocrx_word' id='word_1_185' title='bbox 446 2117 581 2196; x_wconf 92' lang='lat' dir='ltr'>populum</span> <span class='ocrx_word' id='word_1_186' title='bbox 601 2118 756 2196; x_wconf 83' lang='lat' dir='ltr'>Romanum</span> <span class='ocrx_word' id='word_1_187' title='bbox 777 2134 827 2195; x_wconf 96' lang='lat' dir='ltr'>pro</span> <span class='ocrx_word' id='word_1_188' title='bbox 856 2120 997 2196; x_wconf 86' lang='lat' dir='ltr'>aequitate</span> 
     </span>
     <span class='ocr_line' id='line_1_24' title="bbox 85 2201 998 2281; baseline -0.003 -17"><span class='ocrx_word' id='word_1_189' title='bbox 85 2202 186 2280; x_wconf 77' lang='lat' dir='ltr'>magis,</span> <span class='ocrx_word' id='word_1_190' title='bbox 198 2220 280 2281; x_wconf 88' lang='lat' dir='ltr'>quam</span> <span class='ocrx_word' id='word_1_191' title='bbox 292 2204 407 2261; x_wconf 85' lang='lat' dir='ltr'>auaritia</span> <span class='ocrx_word' id='word_1_192' title='bbox 418 2201 560 2260; x_wconf 89' lang='lat' dir='ltr'>dimicare.</span> <span class='ocrx_word' id='word_1_193' title='bbox 576 2201 670 2280; x_wconf 87' lang='lat' dir='ltr'>Atque</span> <span class='ocrx_word' id='word_1_194' title='bbox 685 2202 711 2259; x_wconf 90' lang='lat' dir='ltr'>in</span> <span class='ocrx_word' id='word_1_195' title='bbox 720 2210 858 2260; x_wconf 84' lang='lat' dir='ltr'>conventu</span> <span class='ocrx_word' id='word_1_196' title='bbox 870 2201 998 2261; x_wconf 84' lang='lat' dir='ltr'>finitimo·</span> 
     </span>
     <span class='ocr_line' id='line_1_25' title="bbox 84 2283 997 2363; baseline -0.002 -18"><span class='ocrx_word' id='word_1_197' title='bbox 84 2304 145 2346; x_wconf 91' lang='lat' dir='ltr'>rum</span> <span class='ocrx_word' id='word_1_198' title='bbox 168 2285 337 2363; x_wconf 92' lang='lat' dir='ltr'>populorum</span> <span class='ocrx_word' id='word_1_199' title='bbox 360 2283 462 2344; x_wconf 90' lang='lat' dir='ltr'>Paulus</span> <span class='ocrx_word' id='word_1_200' title='bbox 492 2285 563 2344; x_wconf 91' lang='lat' dir='ltr'>haec</span> <span class='ocrx_word' id='word_1_201' title='bbox 585 2285 773 2363; x_wconf 86' lang='lat' dir='ltr'>pronuntiavit</span> <span class='ocrx_word' id='word_1_202' title='bbox 794 2293 823 2343; x_wconf 88' lang='lat' dir='ltr'>et</span> <span class='ocrx_word' id='word_1_203' title='bbox 837 2284 997 2361; x_wconf 79' lang='lat' dir='ltr'>legationes</span> 
     </span>
     <span class='ocr_line' id='line_1_26' title="bbox 83 2367 996 2447; baseline -0.002 -19"><span class='ocrx_word' id='word_1_204' title='bbox 83 2367 230 2428; x_wconf 88' lang='lat' dir='ltr'>multarum</span> <span class='ocrx_word' id='word_1_205' title='bbox 242 2369 378 2447; x_wconf 79' lang='lat' dir='ltr'>gentium,</span> <span class='ocrx_word' id='word_1_206' title='bbox 393 2386 466 2447; x_wconf 89' lang='lat' dir='ltr'>quae</span> <span class='ocrx_word' id='word_1_207' title='bbox 481 2367 516 2428; x_wconf 86' lang='lat' dir='ltr'>ad</span> <span class='ocrx_word' id='word_1_208' title='bbox 529 2386 592 2427; x_wconf 89' lang='lat' dir='ltr'>eum</span> <span class='ocrx_word' id='word_1_209' title='bbox 603 2376 754 2444; x_wconf 85' lang='lat' dir='ltr'>venerant,</span> <span class='ocrx_word' id='word_1_210' title='bbox 778 2368 996 2446; x_wconf 78' lang='lat' dir='ltr'>magnificentis-</span> 
     </span>
     <span class='ocr_line' id='line_1_27' title="bbox 84 2451 998 2530; baseline 0 -19"><span class='ocrx_word' id='word_1_211' title='bbox 84 2453 156 2512; x_wconf 88' lang='lat' dir='ltr'>sime</span> <span class='ocrx_word' id='word_1_212' title='bbox 171 2454 303 2512; x_wconf 83' lang='lat' dir='ltr'>conrivio</span> <span class='ocrx_word' id='word_1_213' title='bbox 322 2453 413 2530; x_wconf 86' lang='lat' dir='ltr'>parit,</span> <span class='ocrx_word' id='word_1_214' title='bbox 431 2451 529 2511; x_wconf 90' lang='lat' dir='ltr'>dicens</span> <span class='ocrx_word' id='word_1_215' title='bbox 544 2453 679 2513; x_wconf 77' lang='lat' dir='ltr'>eiusdem</span> <span class='ocrx_word' id='word_1_216' title='bbox 690 2451 819 2512; x_wconf 78' lang='lat' dir='ltr'>bominis</span> <span class='ocrx_word' id='word_1_217' title='bbox 830 2470 897 2512; x_wconf 77' lang='lat' dir='ltr'>ease</span> <span class='ocrx_word' id='word_1_218' title='bbox 910 2452 998 2512; x_wconf 81' lang='lat' dir='ltr'>debe·</span> 
     </span>
     <span class='ocr_line' id='line_1_28' title="bbox 85 2535 996 2614; baseline -0.003 -19"><span class='ocrx_word' id='word_1_219' title='bbox 85 2555 129 2612; x_wconf 86' lang='lat' dir='ltr'>re,</span> <span class='ocrx_word' id='word_1_220' title='bbox 146 2543 175 2596; x_wconf 87' lang='lat' dir='ltr'>et</span> <span class='ocrx_word' id='word_1_221' title='bbox 186 2536 402 2611; x_wconf 83' lang='lat' dir='ltr'>bellocincere,</span> <span class='ocrx_word' id='word_1_222' title='bbox 413 2535 996 2614; x_wconf 74' lang='lat' dir='ltr'>etoocoioiiuppurntuelequentiamesse.</span> 
     </span>
    </p>

    <p class='ocr_par' dir='ltr' id='par_1_5' title="bbox 83 2615 1055 3029">
     <span class='ocr_line' id='line_1_29' title="bbox 147 2615 994 2696; baseline -0.002 -19"><span class='ocrx_word' id='word_1_223' title='bbox 147 2618 232 2679; x_wconf 77' lang='lat' dir='ltr'>(lar.</span> <span class='ocrx_word' id='word_1_224' title='bbox 247 2616 323 2680; x_wconf 87' lang='lat' dir='ltr'>Vlll.</span> <span class='ocrx_word' id='word_1_225' title='bbox 343 2617 411 2678; x_wconf 84' lang='lat' dir='ltr'>llox</span> <span class='ocrx_word' id='word_1_226' title='bbox 423 2638 478 2678; x_wconf 82' lang='lat' dir='ltr'>cxx</span> <span class='ocrx_word' id='word_1_227' title='bbox 490 2619 618 2678; x_wconf 91' lang='lat' dir='ltr'>civitates</span> <span class='ocrx_word' id='word_1_228' title='bbox 629 2615 720 2695; x_wconf 87' lang='lat' dir='ltr'>Epiri,</span> <span class='ocrx_word' id='word_1_229' title='bbox 733 2635 806 2696; x_wconf 90' lang='lat' dir='ltr'>quac</span> <span class='ocrx_word' id='word_1_230' title='bbox 816 2616 994 2692; x_wconf 81' lang='lat' dir='ltr'>rebellarant,</span> 
     </span>
     <span class='ocr_line' id='line_1_30' title="bbox 85 2699 994 2780; baseline -0.003 -19"><span class='ocrx_word' id='word_1_231' title='bbox 85 2702 179 2779; x_wconf 85' lang='lat' dir='ltr'>cepit,</span> <span class='ocrx_word' id='word_1_232' title='bbox 199 2702 329 2780; x_wconf 88' lang='lat' dir='ltr'>praedam</span> <span class='ocrx_word' id='word_1_233' title='bbox 346 2701 479 2761; x_wconf 89' lang='lat' dir='ltr'>militibus</span> <span class='ocrx_word' id='word_1_234' title='bbox 494 2701 643 2761; x_wconf 89' lang='lat' dir='ltr'>distribuit.</span> <span class='ocrx_word' id='word_1_235' title='bbox 674 2699 790 2760; x_wconf 83' lang='lat' dir='ltr'>Romam</span> <span class='ocrx_word' id='word_1_236' title='bbox 810 2718 872 2759; x_wconf 86' lang='lat' dir='ltr'>cum</span> <span class='ocrx_word' id='word_1_237' title='bbox 888 2702 994 2776; x_wconf 83' lang='lat' dir='ltr'>ingenti</span> 
     </span>
     <span class='ocr_line' id='line_1_31' title="bbox 85 2783 995 2864; baseline -0.005 -19"><span class='ocrx_word' id='word_1_238' title='bbox 85 2800 189 2863; x_wconf 91' lang='lat' dir='ltr'>pompa</span> <span class='ocrx_word' id='word_1_239' title='bbox 206 2785 289 2845; x_wconf 88' lang='lat' dir='ltr'>rediit</span> <span class='ocrx_word' id='word_1_240' title='bbox 299 2787 327 2843; x_wconf 92' lang='lat' dir='ltr'>in</span> <span class='ocrx_word' id='word_1_241' title='bbox 343 2803 414 2844; x_wconf 86' lang='lat' dir='ltr'>nave</span> <span class='ocrx_word' id='word_1_242' title='bbox 428 2784 536 2861; x_wconf 87' lang='lat' dir='ltr'>Persei,</span> <span class='ocrx_word' id='word_1_243' title='bbox 552 2803 624 2864; x_wconf 87' lang='lat' dir='ltr'>quae</span> <span class='ocrx_word' id='word_1_244' title='bbox 637 2785 783 2843; x_wconf 88' lang='lat' dir='ltr'>inusitatae</span> <span class='ocrx_word' id='word_1_245' title='bbox 795 2783 995 2860; x_wconf 77' lang='lat' dir='ltr'>magnitudinis</span> 
     </span>
     <span class='ocr_line' id='line_1_32' title="bbox 83 2866 996 2944; baseline -0.003 -17"><span class='ocrx_word' id='word_1_246' title='bbox 83 2869 174 2928; x_wconf 86' lang='lat' dir='ltr'>luisse</span> <span class='ocrx_word' id='word_1_247' title='bbox 192 2868 325 2944; x_wconf 86' lang='lat' dir='ltr'>traditur,</span> <span class='ocrx_word' id='word_1_248' title='bbox 349 2867 421 2928; x_wconf 89' lang='lat' dir='ltr'>adeo</span> <span class='ocrx_word' id='word_1_249' title='bbox 441 2877 471 2927; x_wconf 93' lang='lat' dir='ltr'>ut</span> <span class='ocrx_word' id='word_1_250' title='bbox 488 2887 537 2928; x_wconf 84' lang='lat' dir='ltr'>xvr</span> <span class='ocrx_word' id='word_1_251' title='bbox 554 2869 667 2927; x_wconf 89' lang='lat' dir='ltr'>ordines</span> <span class='ocrx_word' id='word_1_252' title='bbox 682 2867 789 2926; x_wconf 91' lang='lat' dir='ltr'>dicatur</span> <span class='ocrx_word' id='word_1_253' title='bbox 803 2866 937 2926; x_wconf 88' lang='lat' dir='ltr'>habuisse</span> <span class='ocrx_word' id='word_1_254' title='bbox 952 2883 996 2924; x_wconf 90' lang='lat' dir='ltr'>re·</span> 
     </span>
     <span class='ocr_line' id='line_1_33' title="bbox 83 2949 1055 3029; baseline -0.004 -18"><span class='ocrx_word' id='word_1_255' title='bbox 83 2968 202 3014; x_wconf 90' lang='lat' dir='ltr'>morum.</span> <span class='ocrx_word' id='word_1_256' title='bbox 240 2949 431 3029; x_wconf 83' lang='lat' dir='ltr'>Triumphauit</span> <span class='ocrx_word' id='word_1_257' title='bbox 448 2961 539 3011; x_wconf 86' lang='lat' dir='ltr'>autem</span> <span class='ocrx_word' id='word_1_258' title='bbox 562 2951 838 3029; x_wconf 77' lang='lat' dir='ltr'>magnificentissime</span> <span class='ocrx_word' id='word_1_259' title='bbox 860 2952 888 3008; x_wconf 89' lang='lat' dir='ltr'>in</span> <span class='ocrx_word' id='word_1_260' title='bbox 912 2966 995 3008; x_wconf 89' lang='lat' dir='ltr'>curru</span> <span class='ocrx_word' id='word_1_261' title='bbox 1009 2958 1055 2999; x_wconf 73' lang='lat' dir='ltr'>nu</span> 
     </span>
    </p>
   </div>
   <div class='ocr_carea' id='block_1_3' title="bbox 83 3025 1059 3447">
    <p class='ocr_par' dir='ltr' id='par_1_6' title="bbox 83 3025 1059 3447">
     <span class='ocr_line' id='line_1_34' title="bbox 83 3025 1050 3112; baseline -0.005 -17"><span class='ocrx_word' id='word_1_262' title='bbox 83 3050 172 3095; x_wconf 86' lang='lat' dir='ltr'>aureo</span> <span class='ocrx_word' id='word_1_263' title='bbox 185 3052 248 3093; x_wconf 88' lang='lat' dir='ltr'>cum</span> <span class='ocrx_word' id='word_1_264' title='bbox 260 3034 370 3094; x_wconf 88' lang='lat' dir='ltr'>duobus</span> <span class='ocrx_word' id='word_1_265' title='bbox 388 3035 468 3111; x_wconf 84' lang='lat' dir='ltr'>iuliis,</span> <span class='ocrx_word' id='word_1_266' title='bbox 486 3044 606 3112; x_wconf 88' lang='lat' dir='ltr'>utroque</span> <span class='ocrx_word' id='word_1_267' title='bbox 620 3033 708 3094; x_wconf 89' lang='lat' dir='ltr'>latere</span> <span class='ocrx_word' id='word_1_268' title='bbox 728 3032 910 3092; x_wconf 89' lang='lat' dir='ltr'>adstantibus.</span> <span class='ocrx_word' id='word_1_269' title='bbox 936 3033 996 3091; x_wconf 91' lang='lat' dir='ltr'>Du·</span> <span class='ocrx_word' id='word_1_270' title='bbox 1010 3025 1050 3068; x_wconf 62' lang='lat'>⁵⁸¹³</span> 
     </span>
     <span class='ocr_line' id='line_1_35' title="bbox 84 3113 997 3196; baseline -0.003 -19"><span class='ocrx_word' id='word_1_271' title='bbox 84 3119 122 3177; x_wconf 90' lang='lat' dir='ltr'>cti</span> <span class='ocrx_word' id='word_1_272' title='bbox 137 3126 202 3178; x_wconf 90' lang='lat' dir='ltr'>sunt</span> <span class='ocrx_word' id='word_1_273' title='bbox 217 3127 281 3178; x_wconf 88' lang='lat' dir='ltr'>ante</span> <span class='ocrx_word' id='word_1_274' title='bbox 299 3136 409 3178; x_wconf 91' lang='lat' dir='ltr'>currum</span> <span class='ocrx_word' id='word_1_275' title='bbox 424 3118 479 3176; x_wconf 92' lang='lat' dir='ltr'>duo</span> <span class='ocrx_word' id='word_1_276' title='bbox 496 3120 574 3196; x_wconf 72' lang='lat' dir='ltr'>regis</span> <span class='ocrx_word' id='word_1_277' title='bbox 595 3117 642 3176; x_wconf 89' lang='lat' dir='ltr'>lilii</span> <span class='ocrx_word' id='word_1_278' title='bbox 662 3119 765 3194; x_wconf 89' lang='lat' dir='ltr'>etipse</span> <span class='ocrx_word' id='word_1_279' title='bbox 777 3113 916 3191; x_wconf 89' lang='lat' dir='ltr'>Perseus,</span> <span class='ocrx_word' id='word_1_280' title='bbox 940 3133 997 3175; x_wconf 86' lang='lat' dir='ltr'>xuv</span> 
     </span>
     <span class='ocr_line' id='line_1_36' title="bbox 83 3196 1059 3278; baseline -0.005 -17"><span class='ocrx_word' id='word_1_281' title='bbox 83 3218 172 3261; x_wconf 89' lang='lat' dir='ltr'>annos</span> <span class='ocrx_word' id='word_1_282' title='bbox 183 3210 273 3262; x_wconf 90' lang='lat' dir='ltr'>natus.</span> <span class='ocrx_word' id='word_1_283' title='bbox 299 3200 367 3261; x_wconf 86' lang='lat' dir='ltr'>Post</span> <span class='ocrx_word' id='word_1_284' title='bbox 383 3221 446 3261; x_wconf 91' lang='lat' dir='ltr'>eum</span> <span class='ocrx_word' id='word_1_285' title='bbox 461 3203 543 3260; x_wconf 90' lang='lat' dir='ltr'>etiam</span> <span class='ocrx_word' id='word_1_286' title='bbox 559 3198 591 3260; x_wconf 87' lang='lat' dir='ltr'>G.</span> <span class='ocrx_word' id='word_1_287' title='bbox 606 3201 720 3260; x_wconf 88' lang='lat' dir='ltr'>Anicius</span> <span class='ocrx_word' id='word_1_288' title='bbox 733 3199 768 3259; x_wconf 91' lang='lat' dir='ltr'>de</span> <span class='ocrx_word' id='word_1_289' title='bbox 782 3196 886 3278; x_wconf 81' lang='lat' dir='ltr'>illyriis</span> <span class='ocrx_word' id='word_1_290' title='bbox 898 3200 993 3257; x_wconf 90' lang='lat' dir='ltr'>trium·</span> <span class='ocrx_word' id='word_1_291' title='bbox 1005 3207 1059 3249; x_wconf 68' lang='lat' dir='ltr'>Ast-</span> 
     </span>
     <span class='ocr_line' id='line_1_37' title="bbox 84 3276 1054 3362; baseline -0.003 -20"><span class='ocrx_word' id='word_1_292' title='bbox 84 3284 188 3362; x_wconf 88' lang='lat' dir='ltr'>phavit.</span> <span class='ocrx_word' id='word_1_293' title='bbox 213 3282 330 3344; x_wconf 78' lang='lat' dir='ltr'>(lentius</span> <span class='ocrx_word' id='word_1_294' title='bbox 343 3285 499 3344; x_wconf 86' lang='lat' dir='ltr'>cumfratre</span> <span class='ocrx_word' id='word_1_295' title='bbox 512 3293 540 3343; x_wconf 88' lang='lat' dir='ltr'>et</span> <span class='ocrx_word' id='word_1_296' title='bbox 556 3284 619 3343; x_wconf 83' lang='lat' dir='ltr'>liliis</span> <span class='ocrx_word' id='word_1_297' title='bbox 631 3292 694 3343; x_wconf 87' lang='lat' dir='ltr'>ante</span> <span class='ocrx_word' id='word_1_298' title='bbox 706 3301 814 3342; x_wconf 87' lang='lat' dir='ltr'>currum</span> <span class='ocrx_word' id='word_1_299' title='bbox 827 3283 926 3341; x_wconf 91' lang='lat' dir='ltr'>ductus</span> <span class='ocrx_word' id='word_1_300' title='bbox 939 3290 992 3340; x_wconf 90' lang='lat' dir='ltr'>est.</span> <span class='ocrx_word' id='word_1_301' title='bbox 1010 3276 1054 3317; x_wconf 61' lang='lat'>⁶⁸⁶</span> 
     </span>
     <span class='ocr_line' id='line_1_38' title="bbox 85 3365 995 3447; baseline -0.005 -21"><span class='ocrx_word' id='word_1_302' title='bbox 85 3365 128 3426; x_wconf 93' lang='lat' dir='ltr'>Ad</span> <span class='ocrx_word' id='word_1_303' title='bbox 143 3366 200 3427; x_wconf 88' lang='lat' dir='ltr'>lroc</span> <span class='ocrx_word' id='word_1_304' title='bbox 215 3368 408 3447; x_wconf 86' lang='lat' dir='ltr'>spectaculum</span> <span class='ocrx_word' id='word_1_305' title='bbox 424 3368 568 3427; x_wconf 91' lang='lat' dir='ltr'>multarum</span> <span class='ocrx_word' id='word_1_306' title='bbox 579 3369 703 3444; x_wconf 81' lang='lat' dir='ltr'>gentium</span> <span class='ocrx_word' id='word_1_307' title='bbox 717 3384 802 3443; x_wconf 81' lang='lat' dir='ltr'>reges</span> <span class='ocrx_word' id='word_1_308' title='bbox 814 3365 930 3424; x_wconf 82' lang='lat' dir='ltr'>Romam</span> <span class='ocrx_word' id='word_1_309' title='bbox 945 3381 995 3422; x_wconf 89' lang='lat' dir='ltr'>ve·</span> 
     </span>
    </p>
   </div>
   <div class='ocr_carea' id='block_1_4' title="bbox 0 0 1160 3840">
    <p class='ocr_par' dir='ltr' id='par_1_7' title="bbox 0 0 1160 3840">
     <span class='ocr_line' id='line_1_39' title="bbox 0 0 1160 3840; baseline 0 0"><span class='ocrx_word' id='word_1_310' title='bbox 0 0 1160 3840; x_wconf 95' lang='lat' dir='ltr'> </span> 
     </span>
    </p>
   </div>
  </div>
 </body>
</html>
