2266 3832
82 211 118 271 12
458 220 554 269 nucu
570 218 716 267 aueum

51 373 206 437 ethorum
226 373 341 457 regina
360 372 466 435 victus
487 390 726 469 oppressusque
748 378 847 433 esset.
893 368 1081 455 Cambyses,

76 455 206 533 tilius†
234 476 335 602 cquae
355 454 451 540 Cyri3
478 476 550 601 qm,
577 474 650 516 cum
676 452 885 537 septuaginta
911 451 1006 517 milia
1030 452 1082 519 ho-

77 542 199 603 minum
221 560 259 601 su
283 539 404 623 egisset
423 539 458 600 in
512 544 638 622 egypto
654 543 687 598 et
712 554 824 619 regem
845 535 918 599 eius
939 534 1082 619 Amasin,

77 622 284 706 Aethiopiam
307 620 490 705 proiectus,
518 639 637 703 magna
685 626 755 681 arte
780 616 923 681 militum
953 640 1014 703 per
1039 619 1082 683 ia-

77 727 162 769 mem
189 706 323 785 omissa,
347 706 463 768 inritus
485 702 597 784 rediit3
635 724 675 765 ur
699 722 751 765 em
769 708 881 763 tamen
905 699 957 765 ibi
977 702 1100 768 condi-s

78 788 126 851 dit
156 786 300 851 Meroen.
355 787 389 849 Is
424 788 500 873 quia
527 788 616 872 Apin
644 804 771 847 sacrum
798 781 921 848 bovem
948 784 1083 849 interfici

78 873 233 949 iusserat,
254 871 303 932 ira
324 870 457 933 deorum
479 891 521 933 ex
542 890 624 954 equo
670 886 804 951 raeceps
820 887 921 953 super
942 866 1083 952 gladium

53 972 174 1024 esuum
202 954 268 1015 ruit
294 954 521 1037 extinctusque
550 960 609 1015 est.
646 890 782 1013 PDarius
810 970 887 1031 rex,
926 972 1014 1015 unus
1045 972 1084 1015 cx

79 1045 201 1122 septem
223 1035 350 1116 Persis,
376 1035 504 1099 hinnitu
527 1037 603 1121 equi
626 1054 763 1118 regnum
790 1032 986 1116 adsecutus,
1014 1056 1082 1099 cum

79 1135 195 1184 ccnxx
223 1118 355 1183 milibus
378 1119 546 1216 Europam
571 1118 733 1181 transivit.
776 1115 893 1179 Victus
923 1115 967 1180 ab
986 1116 1105 1203 Athe-n

78 1201 246 1267 niensibus
285 1203 366 1267 duce
396 1202 544 1267 Miltiade
583 1201 671 1288 apud
706 1197 903 1263 Marathona
940 1202 1081 1265 recessit

54 1286 228 1368 exereres,
249 1286 345 1350 Darii
366 1286 467 1367 filius,
490 1307 563 1349 cum
583 1284 777 1348 decessisset
819 1291 890 1347 ater
912 1284 1002 1365 eius,
1030 1282 1082 1347 ali·

81 1372 209 1456 quantis
231 1370 369 1434 navibus
392 1370 523 1432 armatis
543 1366 699 1431 militibus
721 1367 756 1429 in
808 1386 947 1451 urepam
970 1367 1082 1431 nansi·

80 1456 129 1517 vit
150 1454 355 1517 contabulato
367 1453 578 1538 Hellesponto
598 1462 630 1515 et
650 1451 755 1515 forato
768 1448 858 1513 Atho
877 1458 1006 1533 monte,
1025 1470 1082 1513 nec

81 1538 251 1633 quicquam
265 1536 355 1600 aliud
369 1537 435 1620 egit
448 1557 545 1633 quam
559 1543 596 1597 ut
608 1534 754 1598 Athenas
769 1532 970 1597 incenderet.
1001 1532 1106 1597 Mario

79 1629 185 1683 vietus
214 1640 235 1681 a
262 1619 530 1683 Lacedaemoniis
562 1628 595 1682 et
621 1615 876 1682 Atheniensibus
908 1616 946 1679 in
970 1615 1082 1682 Asiam

79 1702 176 1764 rediit
198 1702 308 1787 ibique
328 1724 459 1765 suorum
479 1701 596 1765 fraude
617 1699 806 1765 interfectus
828 1706 888 1763 est.

164 1817 279 1881 XlIlI.
323 1816 473 1881 DVOES
506 1816 566 1882 ΕΤ
594 1817 742 1883 REGES
769 1816 1002 1884 LACEDAE-

454 1914 708 1981 MONIORVM.

56 2050 69 2100 1
165 2034 388 2120 Eurysthenes
421 2043 453 2098 et
483 2033 614 2097 Procles
647 2032 784 2117 gemini,
819 2032 875 2118 qui
905 2052 1013 2116 genus
1044 2030 1110 2097 ab»

53 2118 265 2183 2Heraclidis
281 2118 476 2182 deducentes
495 2118 592 2203 primi
609 2114 744 2262 SpLartae
760 2124 992 2200 regnaverunt.
1020 2115 1083 2201 Ly·

81 2224 200 2286 curgus
227 2202 336 2287 legum
363 2202 459 2282 lator,
497 2199 613 2286 quibus
673 2198 895 2263 acedaemonii
920 2200 1083 2287 principes

58 2285 242 2350 tGraceiac
262 2307 320 2370 per
336 2306 437 2349 annos
454 2286 674 2369 septingentos
690 2283 788 2346 innisi
805 2282 949 2347 fuerunt.
981 2282 1084 2347 Theo·

79 2389 216 2452 pompus
246 2380 278 2431 et
304 2368 485 2451 Polydorus
513 2388 624 2449 reges,
658 2368 713 2453 qui
738 2366 938 2431 Messenium
963 2364 1085 2431 bellum

53 2451 198 2532 tuiginti
221 2451 314 2512 annis
336 2457 517 2533 gesserunt.
569 2448 754 2534 Othryades
775 2451 827 2513 vir
845 2448 1003 2533 bellator,
1031 2448 1114 2536 quin

80 2531 244 2596 Messenio
265 2531 367 2613 bello,
395 2554 457 2618 quo
480 2533 608 2594 centeni
629 2544 661 2595 et
683 2534 903 2631 quinquageni
922 2544 1085 2598 concerta-

56 2623 213 2696 everunt,
228 2624 396 2700 tropaeum
415 2636 472 2678 suo
489 2616 646 2698 sanguine
662 2617 801 2701 seripsrt.
835 2615 864 2679 T
939 2638 1013 2697 cus,
1032 2614 1086 2702 qui

79 2697 243 2761 Messenio
264 2697 351 2761 bello
371 2720 414 2762 ex
432 2697 562 2762 oraculo
579 2698 742 2784 Apollinis
764 2699 833 2762 dux
849 2721 869 2762 a
909 2699 1086 2763 Athenien·

81 2779 170 2844 sibus
197 2804 255 2866 per
280 2780 456 2845 ludibrium
477 2783 594 2845 missus
615 2792 762 2867 poemate
789 2804 846 2846 suo
874 2784 921 2846 ita
946 2782 1086 2847 militum

81 2864 205 2928 animos
220 2866 408 2945 concitavit,
430 2874 467 2928 ut
485 2875 552 2928 tam
570 2866 754 2928 diuturnum
774 2865 934 2949 proelium
948 2867 1116 2931 victorias

55 2955 353 3012 sconsummarent.
386 2948 565 3029 Leonidas,
588 2949 656 3013 dux
667 2948 799 3011 Persico
816 2948 921 3030 bello,
942 2950 999 3034 qui
1014 2970 1088 3013 cum

80 3033 232 3094 trecentis
251 3031 517 3095 Lacedaemoniis
538 3032 625 3117 apud
642 3031 875 3116 Thermopylas
895 3041 998 3096 totam
1019 3034 1088 3097 vim

56 3113 206 3177 ⁷Persici
233 3114 312 3178 belli
332 3125 435 3178 morte
467 3136 526 3179 sua
550 3136 588 3178 ac
610 3136 740 3178 suorum
761 3116 921 3179 sustinuit.
966 3114 1088 3179 Pausa·

81 3198 168 3280 nias,
192 3200 247 3283 qui
263 3197 395 3262 Persico
416 3197 503 3263 bello
515 3198 720 3263 Mardonium
741 3197 941 3282 praefectum
961 3197 1086 3263 Xerxis

82 3304 155 3345 cum
199 3281 381 3346 edestribus
403 3283 503 3367 copiis
526 3290 604 3366 aput
624 3282 770 3365 Asopum
789 3280 944 3345 Boeotiae
964 3280 1119 3347 flumana

81 3304 273 3447 debellavit3
298 3387 375 3430 mox
394 3365 587 3451 proditionis
612 3386 632 3426 a
652 3385 730 3447 rege
757 3374 924 3450 suspectus
946 3364 1084 3449 ideoque

79 3458 267 3522 accusatus,
297 3450 333 3515 iu
361 3449 487 3520 asylum
508 3446 676 3511 Minervae
703 3447 846 3512 construi*
873 3456 906 3511 et
926 3446 974 3512 ibi
998 3444 1086 3511 fama
