2266 3832
224 252 328 298 mann
349 251 578 300 rmuoanms.
600 236 900 303 XXII—XXVII.
1021 243 1060 304 21

58 404 179 469 niculo.
225 400 350 483 Quarta
376 403 515 466 secessio
545 404 580 466 in
605 403 677 467 foro
720 413 829 491 ropter
848 407 1093 490 magistratus,4

59 486 225 634 pptplptbci
251 484 400 550 consules
421 485 552 568 fierent,
581 509 678 573 quam
697 426 860 574 Sulpicius
882 488 971 553 Stolo
993 511 1066 554 con-

337 684 465 750 XXVI.
511 686 790 753 SEDITIONES.

35 844 50 885 s
149 818 331 886 Seditiones
359 821 393 883 in
418 819 500 883 urbe
526 828 686 905 quattuor.
731 819 841 883 Prima
868 821 983 884 seditio
1011 820 1089 885 'Pi-1

10 910 13 919 '
60 904 134 971 beri
154 904 311 986 Gracchi,
340 926 434 990 quem
457 903 497 966 de
519 904 697 967 iudiciariis
721 913 753 967 et
774 906 911 987 agrariis
939 904 1066 988 legibus

62 998 182 1055 statum
211 989 351 1051 civitatis
373 995 558 1050 moventem
580 985 688 1072 Scipio
709 986 830 1050 Nasica
856 989 943 1050 sacta
969 1010 1066 1050 manu

62 1074 97 1136 in
112 1070 273 1170 Capitolio
293 1072 462 1156 oppressit.
497 1068 645 1134 Secunda
658 1071 773 1134 seditio
789 1070 826 1135 C.
840 1071 981 1135 Gracchi
1002 1072 1092 1142 fra-2

60 1158 123 1220 tris
151 1176 235 1236 erus,
271 1176 367 1240 quern
395 1153 436 1218 ob
463 1153 584 1217 similes
611 1154 800 1238 largitiones
828 1176 931 1218 novos
959 1163 1064 1219 motus

28 1260 53 1305 ro
62 1239 260 1304 excitantem
287 1237 436 1337 Opimius
464 1237 577 1300 consul
604 1258 677 1299 cum
703 1237 839 1302 Decimo
860 1237 963 1301 Bruto
993 1237 1065 1303 Cal-

14 1368 19 1403 ,
60 1323 156 1404 laico,
176 1343 288 1387 socero
304 1344 383 1403 erus,
400 1322 585 1385 convocatis
600 1320 643 1383 ad
654 1320 776 1405 pileum
792 1322 894 1385 servis
912 1322 947 1383 in
957 1322 1066 1384 Aven-

10 1416 17 1483 j
59 1408 130 1471 tino
152 1415 261 1469 monte
283 1407 452 1490 oppressit.
498 1403 608 1467 Tertia
628 1404 743 1468 seditio
765 1403 885 1490 Apulei
898 1403 1091 1471 Saturnini3

58 1488 186 1555 tribuni
212 1487 319 1574 plebis
346 1498 378 1552 et
402 1488 557 1553 Glauciae
584 1487 742 1569 consulis,
771 1510 851 1574 quos
873 1489 1004 1551 comitia
1030 1488 1065 1550 in

59 1592 177 1659 campo
205 1570 359 1635 caedibus
390 1569 618 1655 perturbantes
649 1569 772 1635 Marius
802 1573 837 1634 in
870 1571 1067 1656 Capitolium

23 1665 255 1743 aspersecutus
283 1654 410 1719 obsedit
437 1663 469 1718 et
499 1653 715 1718 conficiendos
743 1655 883 1719 fustibus
912 1655 1066 1740 saxisque

13 1790 23 1799 .
58 1739 200 1805 curavit.
244 1736 367 1819 Quarta
387 1736 502 1801 seditio
524 1738 587 1801 suit
603 1736 679 1801 Livi
691 1737 793 1802 Drusi
815 1748 847 1803 et
859 1736 973 1819 Quinti
986 1738 1092 1804 Cae-4

58 1823 185 1911 pionis,
205 1844 279 1886 cum
299 1821 355 1884 ille
378 1831 540 1903 senatum,
562 1821 616 1884 bic
639 1831 820 1907 equestrem
842 1822 989 1886 ordinem
1011 1822 1067 1885 ad·

59 1913 196 1971 sereret.
245 1905 426 1989 Praecipua
451 1913 560 1967 tamen
587 1905 630 1968 ad
656 1915 762 1968 motus
792 1905 982 1969 excitandos
1005 1905 1068 1968 fuit

59 2009 178 2070 causa,
207 1989 293 2075 quod
311 1988 440 2051 Drusus
467 1989 633 2052 civitatem
660 1989 808 2052 omnibus
829 1988 952 2052 Italicis
975 1987 1067 2072 polli-

19 2072 216 2155 aocsbatur3
238 2073 296 2136 sed
316 2080 386 2134 tum
406 2093 426 2134 a
445 2070 598 2157 Philippo
621 2072 753 2135 consule
775 2073 809 2135 in
822 2073 917 2136 domo
940 2092 999 2134 sua
1019 2071 1067 2133 in·

58 2156 219 2221 terfectus
239 2165 297 2220 est.

18 2320 23 2327 ’
61 2327 211 2395 XXVII.
262 2327 341 2408 QVI
372 2327 609 2393 ADVERSVS
636 2328 840 2393 PATRIAM
865 2329 1068 2394 NEFARIA

363 2424 520 2489 INIERE
545 2421 764 2490 CONSILIA.

151 2572 343 2639 Coriolanus
374 2572 415 2635 ob
448 2574 644 2657 asperiorem
675 2595 836 2637 annonam
866 2575 901 2636 in
933 2575 1092 2640 exiliuml

24 2667 156 2723 rsactus
177 2656 371 2720 Volscorum
399 2658 544 2720 exercitu
570 2656 698 2721 admoto
719 2659 858 2742 patriam
880 2679 1069 2742 expugnare

62 2740 184 2822 voluit,
212 2740 270 2803 sed
291 2739 447 2803 Veturiae
474 2741 587 2804 matris
615 2740 766 2824 precibus
787 2743 909 2822 victus,
936 2751 1004 2804 tum
1027 2740 1069 2803 ab

63 2825 213 2891 exercitu
243 2843 302 2887 suo
330 2823 499 2887 confossus
529 2831 587 2887 est.
634 2823 795 2912 [Marcus]
827 2824 966 2888 Maelius
994 2838 1094 2887 cuma

63 2907 279 2973 trumentaria
295 2907 468 2990 largitione
484 2911 629 2985 affectare
643 2929 767 2986 reanum
783 2908 958 2988 videretur,
980 2909 1070 2970 iussu

65 2990 213 3072 Quinctii
235 2989 421 3055 Cincinnati
445 2991 612 3056 dictatoris
640 3013 660 3054 a
686 2993 841 3075 magistro
870 2993 1012 3077 equiturn
1035 2992 1070 3054 in

25 3075 180 3141 sorostris
211 3076 336 3138 occisus
371 3085 429 3138 est.
484 3072 635 3161 Spurius,
675 3096 747 3139 curn
776 3076 912 3159 agrariis
939 3075 1095 3159 legibus3

62 3160 241 3225 factionem
269 3167 301 3223 et
323 3156 574 3223 dominationem
598 3168 727 3244 pararet
749 3158 799 3221 **.
843 3158 985 3222 Manlius
1009 3156 1096 3228 Ca·4

62 3243 237 3330 pitolinus,
265 3263 338 3304 cum
359 3244 497 3327 pecunia
519 3243 700 3328 complures
723 3241 884 3306 debitores
906 3241 1068 3322 liberaret,

63 3335 236 3413 suspectus
264 3326 359 3408 regni
379 3328 521 3390 affectati
549 3327 589 3390 de
612 3326 751 3410 Tarpeio
775 3347 853 3389 saxo
880 3326 1070 3470 praecipita·

62 3419 117 3475 tus
141 3417 201 3474 est.
248 3406 390 3474 Catilina
412 3431 484 3476 cum
505 3412 540 3473 in
560 3410 692 3474 caedem
712 3417 859 3491 senatus,
881 3430 976 3473 mcen
1001 3408 1094 3470 iumt

29 3490 169 3577 sarbia,
191 3492 408 3579 direptionem
429 3495 548 3559 aerarii
569 3495 769 3558 coniurasset
789 3501 821 3556 et
841 3493 876 3556 in
894 3491 930 3556 id
940 3491 1068 3556 facinus
