2266 3832
170 181 212 245 78
396 183 617 242 tutuoutr
647 185 792 241 LIBER
824 187 854 243 X.

168 350 244 408 tibus
258 351 360 408 notior.
390 347 445 421 Qui
460 350 515 409 iam
525 349 642 408 turbatis
653 349 750 426 rebus,
766 350 898 408 exercito.
909 366 1025 430 qnoque
1040 352 1079 411 in·

171 435 238 511 opia
255 431 415 507 laborante,
440 449 494 491 uno
513 431 637 492 aPersis
656 442 740 510 atque
755 431 844 492 altero
862 433 972 510 proelio
988 435 1081 494 uictus

171 534 270 594 pacem
283 534 345 574 cum
357 516 485 592 Sapore,
508 518 698 575 necessariam
711 516 837 594 quidem,
861 515 912 576 sed
927 517 1080 596 ignobilem

171 601 255 674 iecit,
283 599 413 658 multatus
433 599 532 658 finibus
551 618 585 659 ac
599 599 729 659 nonnulla
746 601 855 677 imperii
866 599 983 661 Romani
1002 611 1082 679 parte

171 683 279 742 tradita.
314 681 397 754 Quod
409 692 472 741 ante
492 702 555 742 eum
567 685 645 742 annis
665 682 731 742 mile
745 692 856 742 centum
873 692 901 743 et
918 683 1028 744 duobus
1047 685 1082 744 de

171 766 269 842 viginti
289 766 365 842 lere,
392 784 427 824 ex
446 782 501 844 quo
517 766 670 826 Romanum
687 767 832 844 imperium
853 766 994 827 conditum
1011 778 1081 844 erat,

172 867 310 927 nunquam
323 849 432 908 accidit.
465 849 538 922 Quin
552 853 633 908 etiam
644 849 775 928 legiones
790 859 904 911 nostrae
918 853 955 911 ita
967 861 996 912 et
1008 853 1082 930 apud

172 932 308 991 (laudium
322 950 372 1009 per
386 931 513 991 Pontium
531 933 691 992 Telesinam
706 942 734 993 et
745 935 773 993 in
783 932 917 1013 Hispania
934 934 1008 1013 apud
1024 936 1083 995 Nu·
1101 961 1107 972 ·

173 1018 301 1075 mantiam
313 1018 378 1075 etin
390 1014 518 1075 Numidia
536 1017 587 1075 sub
604 1020 697 1093 iugum
712 1019 815 1077 missae
828 1025 901 1095 sunt,
916 1028 946 1078 ut
959 1019 1026 1078 nihil
1043 1029 1083 1079 tu-

174 1117 237 1158 men
250 1099 343 1157 linium
356 1099 521 1160 traderetur.
553 1099 595 1159 Ea
610 1102 690 1178 pacis
702 1101 832 1161 condicio
844 1116 900 1161 non
913 1103 1022 1181 penitus
1038 1121 1082 1162 re·

70 1252 72 1255 ⁸
175 1182 372 1260 prehendenda
395 1183 483 1260 loret,
509 1185 532 1242 si
555 1184 677 1243 foederis
696 1187 906 1263 necessitatem,
931 1205 993 1244 curn
1011 1187 1083 1246 inte-

174 1285 254 1343 grum
269 1266 331 1341 luit,
347 1275 453 1326 mutare
465 1267 613 1344 uoluisset,
628 1269 700 1327 sicut
714 1286 730 1327 a
746 1267 880 1328 Romanis
892 1270 1020 1328 omnibus
1037 1269 1084 1329 his
1113 1279 1116 1285 “

175 1349 269 1428 bellis,
287 1369 360 1429 qnae
372 1353 597 1427 commemoraui,
621 1351 723 1411 iactum
741 1361 793 1411 est.
827 1351 898 1412 Nam
913 1362 941 1412 ot
956 1354 1083 1413 Samniti-

175 1435 228 1494 bus
248 1445 276 1494 et
290 1434 463 1494 Numantinis
481 1443 509 1494 et
523 1433 649 1493 Numidis
668 1435 817 1495 confestim
834 1435 909 1496 bella
926 1436 1001 1496 illata
1020 1440 1101 1497 sunt

176 1537 269 1596 neque
290 1534 344 1594 pax
360 1527 417 1577 rata
434 1518 495 1576 luit.
529 1517 584 1576 Sed
602 1516 666 1576 dum
682 1517 820 1578 aemulum
832 1521 941 1598 imperii
958 1528 1082 1597 veretur,

125 1637 150 1679 p
176 1603 245 1660 intra
257 1601 400 1660 Orientem
416 1601 559 1676 residens,
579 1599 688 1679 gloriae
700 1619 795 1699 parum
808 1601 957 1663 consuluit.
984 1601 1083 1682 ltaque

110 1705 164 1746 cm
175 1686 246 1743 iter
238 1703 385 1761 ingressus
398 1692 482 1762 atque
491 1683 632 1759 lllyricom
644 1688 763 1761 petens
756 1683 915 1746 rnGalatiae
926 1687 1026 1746 finibus
1039 1707 1084 1747 re·

122 1772 166 1815 ³6³
162 1769 296 1846 pentina
302 1775 392 1826 morte
405 1767 513 1826 obiit
485 1786 528 1826 ιιι
539 1766 607 1826 alias
618 1786 711 1865 neque
723 1770 797 1844 iners
810 1788 903 1848 neque
912 1770 1082 1871 imprudens

241 1851 326 1910 Gar.
338 1847 441 1910 XVlll.
457 1848 535 1909 blulti
548 1852 730 1910 exanimatum
742 1853 888 1929 opinantur
899 1855 982 1913 nimia
993 1855 1084 1912 crudi·

178 1943 249 2010 tate,
268 1937 340 1994 inter
357 1933 528 1994 coenandum
546 1936 618 1993 enim
640 1934 730 2011 epulis
747 1935 913 2012 indulserat,
938 1936 983 1995 alii
996 1937 1085 1997 odore

179 2018 312 2095 cubiculi,
328 2017 404 2097 quod
415 2035 451 2076 ex
461 2021 567 2078 recenti
579 2021 699 2077 tectorio
712 2018 798 2078 calcis
815 2038 902 2097 grave
914 2020 1084 2098 quiescenti·

178 2103 230 2161 bus
243 2112 311 2179 erat,
333 2101 442 2181 quidam
454 2103 595 2161 nimietate
607 2119 771 2178 prunarum,
794 2121 863 2202 qpas
880 2105 959 2180 graui
977 2103 1085 2182 frigore

126 2200 152 2242 a
179 2186 285 2245 adoleri
298 2186 396 2245 multas
412 2188 541 2246 iusserat.
574 2185 729 2244 Decessit
721 2188 829 2263 imperii
841 2206 938 2246 mense
951 2191 1084 2266 septimo,

113 2268 167 2311 ou
179 2270 403 2368 quartodecimo
419 2269 535 2329 Kalend.
548 2269 678 2344 blartias,
698 2271 815 2342 aetatis,
834 2279 863 2330 ut
878 2270 1085 2348 qurp'lurimum

120 2333 162 2378 ³⁶⁴
178 2371 211 2412 ac
226 2354 365 2411 minimum
378 2352 497 2428 tradunt,
513 2354 637 2411 terttoet
650 2313 796 2430 trigesimo
808 2369 897 2429 anno,
912 2371 946 2414 ac
957 2355 1085 2432 benigni-

178 2444 235 2495 tate
253 2437 426 2512 principum,
449 2437 495 2512 qui
514 2437 539 2493 ei
558 2443 767 2512 successerunt,
790 2436 1085 2497 anterD1vosrelatus

122 2586 135 2595 .
179 2527 230 2577 est.
253 2516 322 2576 Nam
339 2527 367 2577 et
379 2518 502 2577 civilitati
520 2520 635 2595 propior
647 2527 675 2578 et
685 2527 781 2579 natura
795 2519 943 2580 admodum
961 2521 1085 2581 liberalis

179 2601 238 2659 fuit.
261 2600 328 2682 (X.)
345 2599 373 2660 Is
391 2611 478 2661 status
496 2611 554 2660 erat
571 2601 714 2661 Romanae
730 2604 788 2679 rei,
805 2600 922 2664 loviano
940 2605 1040 2664 eodem
1057 2615 1086 2664 et

178 2685 349 2744 Varroniano
365 2703 441 2743 coss.
458 2701 529 2744 anno
547 2686 623 2744 urbis
639 2685 768 2745 conditae
779 2687 918 2747 milesimo
931 2690 1085 2748 centesimo

178 2777 206 2827 et
217 2784 291 2827 nono
304 2767 423 2828 decimo.
462 2767 533 2841 Quia
548 2778 639 2828 autem
657 2768 691 2828 ad
703 2768 824 2830 inclutos
839 2773 983 2850 principes
998 2789 1085 2832 veno·

177 2851 337 2930 randosque
349 2861 515 2930 perventum
528 2861 581 2928 est,
600 2855 709 2912 interim
721 2855 802 2930 operi
820 2854 933 2915 modum
948 2853 1084 2915 dabimus

178 2933 246 2993 Nam
265 2934 373 3014 reliqua
389 2934 453 2994 stilo
472 2937 577 2994 maiore
590 2935 707 2996 dicenda
728 2945 800 2996 sunt.
836 2936 915 3012 Quae
933 2957 1007 2998 nnnc
1028 2955 1107 2999 non-

177 3028 231 3076 tam
244 3021 502 3095 praetermittimus,
522 3018 649 3097 quemad
664 3021 798 3080 maiorem
811 3021 951 3127 scribendi
966 3022 1084 3100 diligen·

177 3103 240 3160 tiam
257 3120 443 3164 reservamus

534 3281 729 3289 -—-—-—-=—⁴
