2266 3832
270 310 480 373 ursronun
500 310 693 373 Romanae
714 313 756 387 n,
778 322 822 375 oo.
996 314 1039 376 oo

55 463 234 543 possessio;
260 464 346 537 leges
360 463 539 523 emendatae
553 462 679 536 utiliter,
694 464 774 524 latae
788 465 964 535 salubritcr;
988 482 1037 526 se-

55 556 147 611 natus
162 546 229 607 sine
244 546 425 621 asperitate,
448 562 506 605 nec
520 546 587 607 sine
603 548 766 607 severitate
787 549 896 609 lectus.
922 550 1038 609 Princi—

54 649 114 710 pes
139 632 197 691 viri
223 628 448 705 triumphisque
474 636 505 689 et
528 631 725 704 amplissimis
752 631 921 693 honoribus
943 634 1037 693 iuncti

54 718 177 778 hortatu
191 712 340 789 principis
354 714 395 772 ad
411 714 577 773 ornandam
598 715 704 774 urbem
725 716 825 775 inlecti
846 724 924 777 sunt.
959 716 1068 776 Con-5

55 801 174 861 sulatus
189 797 397 858 tantummodo
412 813 514 872 usque
535 798 574 856 ad
595 799 805 872 undecimum,
833 816 923 875 quem
941 803 1036 861 conti-

54 883 293 953 nuaretcaesar,
309 897 377 942 cum
393 897 487 956 saepe
500 880 641 941 obnitens
653 891 867 957 repugnasset,
882 885 1035 959 impetrari

54 968 169 1046 potuita
196 982 266 1025 nam
290 966 470 1026 dictaturam
497 981 588 1041 quam
614 967 809 1040 pertinaciter
830 968 858 1027 ei
880 969 1036 1028 deserebat

55 1052 207 1130 populus,
230 1058 290 1109 tam
316 1057 492 1111 constanter
513 1049 633 1123 repulit.
666 1051 751 1110 Bella
772 1051 830 1112 sub
852 1052 1068 1125 imperatoreb

54 1143 142 1211 gesta
158 1142 348 1210 pacatusque
367 1134 502 1193 victoriis
518 1140 667 1192 terrarum
683 1134 766 1193 orbis
778 1143 808 1194 et
822 1142 866 1194 tot
881 1143 966 1195 extra
978 1136 1033 1195 Ita-

54 1221 124 1281 liam
139 1218 283 1292 domique
298 1232 395 1291 opera
409 1233 499 1276 omne
520 1217 587 1275 aevi
609 1216 658 1275 sui
675 1217 806 1291 spatium
826 1220 1035 1294 impensurum

53 1304 84 1363 in
100 1304 132 1362 id
147 1303 247 1362 solum
263 1317 343 1375 opus
360 1302 540 1375 scriptorem
561 1301 702 1373 fatigent:
722 1317 781 1361 nos
796 1317 947 1362 memores
964 1320 1034 1379 pro-

54 1386 201 1447 fessionis
212 1386 387 1444 universam
402 1385 561 1458 imaginem
581 1384 769 1458 principatus
782 1386 848 1443 eius
862 1386 959 1445 oculis
972 1388 1034 1446 ani-

54 1469 175 1545 misque
191 1469 388 1529 subiecimus.

137 1552 197 1612 XC.
222 1552 373 1629 Seputtis,
398 1560 431 1612 ut
450 1552 676 1626 praediximus,
699 1552 785 1611 bellis
802 1551 941 1610 civilibus
965 1565 1066 1615 coa-t

55 1638 306 1711 lescentibusque
327 1636 514 1710 reipublicae
540 1635 685 1695 membris
710 1644 743 1696 ut
763 1635 929 1695 concordia
952 1634 1034 1695 inva-

56 1724 154 1794 ¹uere,
195 1737 274 1796 quae
310 1727 370 1779 tam
405 1722 497 1793 longa
528 1736 682 1779 armorum
712 1720 810 1778 series
839 1719 1034 1791 laceraverat,

53 1805 201 1865 Delmatia
226 1820 324 1864 annos
351 1802 454 1877 viginti
479 1812 508 1863 et
534 1806 683 1863 ducentos
710 1803 831 1863 rebellis
857 1803 897 1862 ad
923 1810 1036 1863 certam

55 1888 282 1951 consessionem
304 1896 412 1962 pacata
433 1895 480 1946 est
501 1886 624 1962 imperi;
650 1890 747 1962 Alpes
773 1888 847 1949 feris
871 1887 1035 1962 multisque

55 1972 231 2031 nationibus
254 1973 392 2030 celebres
415 1972 618 2044 perdomitae3
644 1972 811 2046 Hispaniae
832 1987 915 2030 nune
936 1971 1035 2046 ipsius

54 2055 243 2131 praesentia,
264 2070 344 2113 nunc
358 2055 530 2128 Agrippae,
553 2070 643 2126 quem
665 2070 765 2128 usquc
782 2054 811 2111 in
828 2054 947 2113 tertium
963 2070 1031 2113 con-

54 2139 186 2199 sulatum
207 2144 237 2195 et
256 2153 328 2196 mox
350 2137 511 2209 collegium
533 2136 710 2195 tribuniciae
731 2136 890 2211 potestatis
906 2137 1035 2196 amicitia

54 2220 204 2298 principis
217 2227 370 2291 evexerat,
384 2221 476 2279 multo
489 2219 739 2293 varioqueMarte
752 2227 889 2293 pacatae.
912 2221 945 2278 In
958 2236 1034 2294 quas
1049 2236 1066 2286 t

54 2304 230 2381 provincias
247 2319 314 2362 curn
336 2303 419 2363 initio
435 2303 580 2378 Scipione
595 2311 625 2362 ct
640 2302 823 2376 Sempronio
840 2304 945 2378 Longo
962 2319 1031 2362 con-

54 2389 173 2451 sulibus
195 2388 293 2471 primo
315 2403 395 2446 anno
418 2388 544 2446 secundi
567 2387 637 2446 belii
657 2386 776 2460 Punici,
803 2386 914 2447 abhinc
936 2403 1034 2447 annos

54 2474 203 2534 ducentos
228 2472 460 2547 quinquaginta,
485 2472 613 2530 Romani
642 2472 795 2531 exercitus
819 2470 905 2532 missi
931 2480 1035 2531 essent

54 2558 133 2617 duce
149 2557 200 2616 Cn.
218 2555 379 2632 Scipione,
401 2554 538 2614 Africani
554 2562 676 2630 patruo,
699 2570 755 2629 per
771 2571 868 2616 annos
885 2557 1034 2616 ducentos

53 2642 83 2702 in
99 2640 147 2699 his
162 2642 255 2701 multo
268 2649 434 2714 mutuoque
449 2640 489 2699 ita
501 2647 645 2699 certatum
662 2647 709 2699 est
723 2640 881 2714 sanguine,
897 2647 931 2699 ut
943 2639 1032 2699 amis-

54 2726 98 2785 sis
122 2724 229 2799 populi
248 2724 378 2784 Romani
401 2723 638 2798 imperatoribus
660 2723 911 2798 exercitibusque
939 2740 1034 2798 saepe

55 2809 251 2881 contumelia,
268 2823 485 2879 nonnunquam
501 2809 591 2865 etiam
607 2808 773 2880 periculum
789 2808 927 2868 Romano
943 2807 1033 2866 inler-

53 2900 136 2951 retur
152 2893 289 2966 imperio.
325 2892 397 2949 Illae
420 2890 500 2948 enirn
520 2889 698 2962 provinciae
714 2890 876 2963 Scipiones
893 2907 1034 2950 consum·
1049 2900 1067 2952 3

54 2984 197 3051 pserunt3
225 2977 295 3035 illae
321 2973 541 3034 contumelioso
569 2973 675 3031 decem
702 2989 848 3032 annorum
876 2972 955 3032 bello
976 2974 1035 3032 sub

54 3058 133 3119 duce
148 3058 289 3120 Viriatho
304 3058 436 3118 maiores
451 3061 575 3116 nostros
590 3064 807 3123 exercuerunt;
829 3054 899 3113 illae
920 3063 1035 3115 terrore

53 3142 224 3203 Numantini
241 3142 312 3203 belli
328 3142 476 3217 populum
486 3141 658 3199 Romanum
674 3145 912 3206 concusserunt,
930 3137 1035 3198 inillis

54 3235 142 3302 turpe
158 3227 192 3300 Q.
205 3227 330 3300 Pompei
347 3227 455 3285 foedus
477 3225 658 3300 turpiusque
672 3222 804 3281 Mancini
825 3229 950 3283 senatus
966 3238 1035 3282 cum

54 3309 221 3387 ignominia
236 3310 329 3370 dediti
350 3310 542 3383 imperatoris
557 3308 698 3375 rescidit;
720 3307 771 3365 ilia
792 3314 836 3367 tot
852 3305 1035 3367 consularis.

53 3402 99 3457 tot
113 3394 285 3472 praetorios
303 3393 475 3470 absumpsit
489 3394 584 3452 duces
600 3401 782 3467 patrumque
798 3398 895 3451 aetate
916 3390 947 3449 in
970 3395 1034 3449 tan-

54 3486 117 3539 tum
131 3476 301 3539 Sertorium
322 3476 414 3536 armis
429 3475 550 3551 extulit,
571 3485 605 3536 ut
625 3491 680 3549 per
701 3474 941 3550 quinquennium
955 3472 1029 3533 diiu-

56 3562 152 3623 dicari
174 3577 234 3622 non
257 3561 401 3637 potuerit,
428 3560 574 3635 Hispanis
589 3558 775 3619 Romanisue
796 3558 826 3617 in
848 3556 940 3618 armis
964 3556 1034 3633 ptus
