2266 3832
28 634 35 689 ἕ
145 655 175 723 1.
199 658 232 723 A
247 657 434 725 somno
452 657 668 724 ramosa
684 658 846 725 aucun
863 656 1053 729 sarran.

180 825 325 910 Populus
338 826 502 892 Romanus
521 847 541 888 a
556 847 635 910 rege
647 826 784 891 Romulo
802 826 837 889 in
850 825 1024 893 Caesarem
1034 830 1102 894 Au·

51 916 63 935 '
143 916 228 973 surm
256 911 479 995 septingentos
506 930 565 993 per
587 930 689 973 annos
717 917 844 974 tantum
865 930 999 1008 operum
1019 934 1103 998 pace

93 931 247 1078 ddlloque
288 994 381 1075 essit,
398 1002 450 1073 ut,
471 994 500 1056 si
519 994 590 1078 quis
608 992 864 1076 magnitudinem
879 996 1008 1080 imperii
1027 1019 1102 1061 cum

74 1076 193 1147 sannis
204 1014 366 1157 conderet,
384 1084 522 1141 aetatem
538 1076 625 1139 ultra
640 1083 741 1160 putet.
770 1078 817 1139 ita
832 1074 897 1140 late
909 1099 972 1223 per
989 1079 1126 1155 orbem2

92 1168 256 1224 terrarum
275 1158 367 1223 arma
384 1159 595 1239 circumtulit,
612 1170 648 1222 ut
665 1159 721 1244 qui
738 1180 790 1222 res
808 1158 896 1222 illius
923 1171 1021 1245 egunt
1032 1186 1098 1228 non

93 1242 192 1307 unius
225 1241 323 1328 opuli‚
336 1243 394 1325 sed
405 1243 534 1327 generis
545 1241 679 1306 humani
690 1241 779 1306 facta
789 1241 989 1308 condiscant.
1010 1255 1058 1310 tot
1066 1248 1102 1310 in

93 1264 263 1390 laboridus
275 1326 493 1424 periculisque
505 1327 642 1389 iactatus
655 1333 704 1389 est
711 1373 721 1407 ,
739 1333 775 1389 ut
785 1324 828 1389 ad
839 1328 1100 1394 constituendum

95 1410 166 1474 eius
176 1410 348 1493 imperrum
365 1409 570 1474 contendisse
581 1409 694 1473 Virtus
707 1417 739 1472 et
750 1409 897 1472 Fortuna
914 1410 1097 1477 videantur.

58 1512 206 1579 toquere
217 1512 299 1575 cum,
312 1494 340 1557 si
351 1493 429 1579 quid
440 1493 538 1573 aliud,
553 1492 615 1558 hoc
631 1513 758 1639 quoqpe
768 1512 886 1639 operae
900 1496 1040 1579 pretium
1050 1497 1119 1560 sita

33 1614 38 1621 ·
95 1596 307 1661 cognoscere,
336 1584 444 1641 tamen
472 1578 549 1662 quia
574 1578 647 1661 ipsa
677 1577 706 1639 si
730 1576 743 1638 i
771 1596 789 1639 o
815 1583 879 1639 stat
909 1579 1099 1662 magnitudo

92 1680 267 1744 rerumque
279 1659 452 1724 diversitas
465 1662 569 1724 aciem
579 1660 768 1723 intentionis
784 1659 962 1807 abrumpit,
981 1661 1101 1726 faciam

95 1742 183 1829 quod
191 1742 311 1825 solent,
329 1745 385 1829 qui
400 1751 560 1808 terrarum
579 1744 658 1807 situs
676 1744 831 1828 pingunt:
854 1744 890 1806 in
924 1746 996 1809 revi
1028 1747 1101 1810 uasi

92 1825 215 1891 tabella
232 1834 334 1890 totam
358 1828 428 1890 cius
452 1828 626 1912 imaginem
650 1825 827 1912 amplectar
833 1872 852 1907 ,.
861 1847 928 1892 non
945 1768 1043 1911 nihil,
1064 1838 1101 1893 ut

58 1936 87 1977 rs
96 1931 207 1995 spero,
224 1909 268 1974 ad
284 1911 530 1975 admirationem
546 1911 703 1996 principis
721 1910 833 1996 populi
850 1910 1054 1993 conlaturus,
1072 1913 1101 1976 si

92 1994 215 2141 paritep
243 1993 350 2081 adque
378 1993 514 2059 insemel
541 1995 728 2058 universam
749 1993 1007 2077 magnitudinem
1028 1997 1096 2060 eius

93 2086 187 2142 osten
211 2099 276 2142 ero.

179 2159 214 2226 Si
227 2161 299 2246 quis
315 2183 392 2246 ergo
410 2161 564 2246 populum
574 2162 755 2225 Romanum
773 2161 866 2246 quasi
879 2182 979 2223 unum
997 2160 1126 2234 homi-4

92 2266 169 2308 nem
188 2244 370 2310 consideret
391 2253 556 2331 totamque
578 2245 647 2308 eius
669 2252 809 2308 aetatem
832 2253 1038 2328 percenseat,
1062 2254 1098 2309 ut

58 2329 239 2414 accoeperit
250 2338 350 2414 utque
368 2329 556 2408 adoleverit,
567 2336 604 2391 ut
616 2329 709 2414 quasi
720 2326 763 2391 ad
774 2327 936 2412 quandam
945 2329 1098 2393 iuventae

92 2412 222 2559 “ffim
236 2413 431 2496 pervenerit,
439 2421 476 2476 ut
485 2420 598 2499 postea
611 2411 701 2476 velut
712 2412 926 2493 consenuerit,
945 2421 1097 2497 quattuor

52 2530 58 2538 ·
91 2518 133 2581 gr
178 2495 250 2559 'bus
264 2495 387 2560 Romae
398 2505 487 2561 aetas
499 2501 637 2560 distincta
647 2501 801 2560 videbitur.
821 2501 923 2574 prima
936 2507 1019 2561 aetas
1034 2495 1094 2561 sub
1108 2518 1124 2569 5

91 2576 226 2663 regibus
238 2578 302 2644 fuit
311 2601 412 2678 prope
428 2601 487 2666 per
503 2600 605 2644 annos
618 2579 881 2666 quadringentos,
900 2578 1016 2664 quibus
1033 2580 1094 2644 cir·

92 2683 168 2726 cum
183 2661 298 2727 urbem
312 2684 417 2748 ipsam
435 2685 508 2728 cum
523 2663 668 2726 finitimis
685 2662 825 2726 luctatus
844 2670 902 2726 est.
932 2661 1013 2727 haec
1032 2664 1094 2727 erit

48 2765 78 2807 a
95 2747 166 2811 eius
182 2746 331 2810 infantia.
360 2768 497 2833 sequens
515 2769 536 2810 a
551 2747 653 2811 Bruto
667 2745 894 2831 Collatinoque
910 2746 1128 2818 consulibusa

91 2830 129 2895 in
137 2830 280 2916 Appium
293 2829 465 2895 Claudium
476 2828 632 2910 Quintum
642 2830 796 2894 Fulvium
808 2829 956 2894 consules
969 2840 1098 2894 centum

114 2913 329 2998 umquaginta
345 2916 439 2978 annis
458 2923 561 3014 patet,
580 2914 696 3000 quibus
714 2912 844 2977 Italiam
862 2912 1000 2998 subegit.
1036 2912 1098 2978 hoc

91 2934 157 3062 luit
166 3005 294 3083 tempus
306 2999 385 3063 viris
396 3019 493 3062 arnns
504 2998 774 3078 incitatissimum,
786 2996 924 3082 ideoque
937 2998 1009 3082 quis
1021 2996 1099 3061 adu·

91 3080 283 3145 lesccntiam
306 3081 435 3146 dixerit.
474 3082 626 3165 deinceps
648 3081 691 3145 ad
716 3079 890 3145 Caesarem
911 3080 1125 3164 Augustum-1

57 3173 225 3233 accentum
236 3172 268 3228 et
279 3167 513 3252 quinquaginta
524 3168 615 3246 anni,
632 3164 749 3251 quibus
766 3172 869 3228 totum
880 3163 992 3228 orbem
1002 3183 1097 3250 paca-

93 3248 154 3313 vit.
176 3246 232 3311 hic
242 3248 308 3311 iam
320 3250 392 3335 ipsa
402 3250 553 3314 iuventus
564 3249 692 3334 imperii
704 3257 736 3312 et
747 3248 841 3334 quasi
851 3247 984 3313 robusta
996 3255 1097 3310 matu-

92 3331 184 3397 rias.
203 3330 525 3417 aansareAugusto
537 3334 571 3395 in
582 3332 746 3396 saeculum
757 3329 1124 3396 nostrumhautmult08

92 3414 288 3480 minusanni
299 3415 444 3499 ducenti,
464 3415 579 3502 quibus
596 3417 714 3481 inertia
726 3414 903 3480 Caesarum
921 3415 1013 3559 qpasi
1024 3435 1098 3479 con·
