2266 3832
144 206 186 268 44
491 208 716 268 EUTROPll

143 375 288 435 dictatoris
302 375 385 434 lilius.
421 373 524 433 Contra
542 375 595 433 lios
614 375 766 433 commisso
778 371 892 450 proelia
911 382 987 451 post
1003 373 1074 435 mul·

142 469 186 518 tas
198 459 392 519 dimicationes
401 461 493 516 vietor
503 457 555 517 fuit
567 456 682 518 Caesar.
707 455 788 533 (latu,
797 457 910 534 Scipio,
923 457 1072 536 Petreius,

142 540 222 618 luha,
238 545 292 619 ipsi
305 561 337 601 se
349 541 522 601 occiderunt.
558 541 689 618 Faustus,
704 541 832 619 Pompeii
842 559 950 618 gener,
965 560 984 602 a
998 541 1069 603 Cae·

143 644 206 685 sare
218 627 385 685 interiectus
398 635 452 684 est.

82 745 135 786 uu.
208 725 534 805 cnr.xx1v.(x1x.)
565 725 632 784 Post
647 743 746 784 annum
761 722 866 782 Caesar
879 722 1009 786 Rumam
1028 746 1070 787 re·

85 812 129 857 ⁷⁰⁷·
142 827 261 886 gressus
273 820 372 887 quarto
385 829 416 869 se
430 809 576 870 consulem
586 810 655 868 leeit
667 817 695 867 et
705 808 797 866 statim
809 807 844 867 ad
852 805 1013 886 Hispanias
1027 819 1071 872 est

142 893 301 971 proiectus,
315 894 362 952 ubi
374 894 501 973 Pompeii
514 892 574 968 iiiii,
589 890 743 951 Gnaeus-et
757 891 871 966 Sextus,
884 892 995 970 iugens
1008 894 1070 954 bel·

141 976 199 1034 lum
218 988 426 1054 reparaverant.
455 976 541 1036 Multa
559 976 669 1054 proelia
689 975 817 1050 fuerunt,
839 974 971 1034 ultimum
992 977 1070 1056 apud

142 1058 272 1119 Mundam
291 1062 443 1138 civitatem,
463 1064 492 1120 in
510 1078 566 1139 quo
578 1060 651 1120 adeo
663 1057 770 1119 Caesar
780 1076 871 1136 paene
887 1061 988 1120 vietus
1011 1070 1067 1138 est,

142 1154 172 1203 ut
183 1143 356 1220 fugientibus
369 1147 429 1204 suis
441 1164 474 1204 se
484 1144 607 1204 voluerit
619 1143 765 1220 occidere,
777 1161 814 1228 ue
826 1151 893 1220 post
904 1152 1015 1204 tantam
1026 1147 1068 1205 rei

142 1227 268 1286 militaris
280 1228 399 1305 gloriani
410 1231 439 1287 iu
452 1237 622 1307 potestatem
637 1226 859 1286 adulescentium
877 1234 962 1287 natus
973 1244 1068 1289 anuos

141 1329 194 1371 sex
211 1320 239 1371 et
258 1315 460 1391 quinquaginta
475 1315 595 1372 veniret.
627 1311 760 1390 Denique
779 1313 920 1388 reparatis
940 1314 1005 1372 suis
1025 1315 1065 1372 vi·

142 1397 189 1455 eit.
211 1393 256 1455 Ex
266 1395 394 1475 Pompeii
410 1397 474 1455 liliis
490 1398 579 1455 maior
593 1397 708 1454 aeuisus
721 1403 775 1470 est,
788 1396 879 1454 minor
890 1394 977 1473 fugit.

206 1497 293 1556 Car.
312 1496 401 1556 XXV.
417 1495 512 1575 (XX.)
536 1493 604 1554 lnde
624 1494 730 1555 Caesar
745 1494 829 1555 hellis
847 1494 982 1556 uirilibus
1001 1505 1066 1558 tutu

142 1581 212 1640 orbe
233 1581 400 1656 compositis
412 1578 529 1637 Rumam
541 1578 634 1638 rediit.
666 1579 764 1657 Agere
780 1577 949 1638 insolentius
965 1583 1064 1659 coepi

141 1672 169 1722 et
189 1671 286 1721 eontra
306 1662 539 1722 consuetudinem
556 1661 699 1722 Romanae
717 1662 864 1722 libertatis.
899 1659 973 1722 Cum
989 1681 1063 1742 ergo

142 1756 171 1807 et
181 1748 305 1806 honoras
321 1765 357 1805 ex
368 1765 420 1806 sua
434 1744 580 1805 voluntate
593 1755 767 1823 praestaret,
787 1747 835 1824 qui
853 1763 869 1806 a
884 1746 997 1824 populu
1014 1767 1062 1809 au·

140 1840 186 1890 tea
201 1829 417 1907 deferebantur,
441 1847 495 1888 nee
513 1831 622 1888 senatui
640 1830 674 1889 ad
690 1848 723 1889 se
739 1831 863 1890 venienti
880 1841 1061 1909 assurgeret,

140 1913 252 1990 aliaque
266 1915 346 1990 regia
359 1932 393 1973 ae
406 1931 497 1991 paene
512 1915 657 1988 tyrannica
675 1914 799 1991 faceret,
825 1915 1003 1975 coniuratum
1016 1925 1063 1976 est

140 1999 168 2055 in
179 2007 242 2056 euin
255 2015 318 2057 anx
328 1997 375 2057 vel
384 1997 503 2075 amplius
515 1998 693 2057 senatoribus
702 1997 1059 2076 equitibusquellomanis.

139 2080 287 2159 Praecipui
301 2082 413 2141 fuerunt
424 2084 496 2140 inter
510 2084 670 2142 coniuratos
685 2081 740 2140 duo
752 2081 840 2157 Bruti,
854 2099 890 2142 ax
899 2098 936 2142 eo
948 2101 1061 2159 genera

140 2165 228 2241 Bruti,
243 2167 291 2245 qui
303 2167 408 2243 primus
421 2165 530 2225 Romae
544 2165 643 2226 consul
655 2165 746 2225 iuerat
757 2173 786 2225 et
796 2181 881 2242 reges
894 2166 1058 2245 expulerat,

141 2247 173 2308 C.
187 2247 303 2309 Cassius
319 2258 347 2308 et
358 2249 496 2309 Servilius
508 2246 609 2310 (lasea.
639 2248 718 2326 Ergo
732 2246 849 2326 Caesar,
864 2265 929 2310 uum
939 2259 1059 2310 senatus

68 2322 125 2433 ᾗῇ·
137 2331 183 2390 die
196 2333 269 2391 inter
281 2341 394 2392 eeteros
406 2334 534 2392 venisset
545 2333 580 2393 ad
592 2334 712 2409 curiam,
728 2352 797 2394 xxin
809 2331 975 2393 vulneribus
989 2351 1058 2395 uon·

117 2414 233 2473 ‘fossus
249 2423 302 2474 est.

337 2797 507 2865 niuea
547 2750 881 2869 snruiuuss

524 2930 630 2940 —-—-

450 3002 742 3054 lttuuttuttuutt.

185 3112 210 3165 1.
229 3111 360 3162 lutariaete
377 3113 440 3164 Iulia
458 3113 565 3165 Caesare
583 3114 649 3164 bella
668 3116 751 3167 uirilia
767 3125 915 3182 reparantur
931 3133 985 3168 rem
1021 3136 1051 3171 u·

132 3181 223 3231 blicam
239 3182 355 3231 turbante
373 3182 491 3237 Antonio.
518 3181 544 3234 2.
562 3182 686 3234 Antonius
704 3184 806 3251 legatus
824 3186 938 3252 confugit
955 3132 1051 3239 auls-

131 3251 228 3317 pidum,
247 3266 296 3313 qua
315 3264 417 3315 operam
436 3252 511 3301 dante
530 3250 677 3313 Octaueno,
696 3254 798 3304 alterius
815 3256 894 3320 partis
912 3255 989 3318 darei,
1008 3272 1051 3308 ra·

132 3319 286 3373 assailiatur.
313 3319 414 3370 Illorum
431 3320 611 3371 triumviratus.
640 3321 725 3372 Giearo
744 3323 872 3374 acciditur.
901 3321 930 3375 3.
947 3323 1050 3376 Bellum

132 3387 240 3439 aBruto
260 3397 284 3439 et
302 3387 405 3450 Casslo,
432 3387 547 3440 Caesaris
564 3393 764 3456 percussoribus,
783 3400 878 3442 mutum
895 3391 1048 3458 illarumque
