2266 3832
408 207 631 263 ttssuuvtt.
936 203 977 267 51

64 391 127 433 eum
139 375 166 432 in
178 370 257 432 ltalia
271 371 329 431 levi
343 371 454 448 proelio
466 373 557 430 victus
570 380 662 447 esset,
681 373 809 448 ingentes
825 380 917 431 tamen
929 390 977 432 co·

65 460 125 536 pias
138 457 172 516 ad
187 455 292 516 bellum
310 455 443 531 haberet,
466 465 568 532 sponte
583 464 674 513 semet
692 454 797 513 oceidit
815 456 977 532 petentibus

64 542 209 617 militibus,
220 557 256 598 ne
267 549 323 598 tam
335 540 392 598 cito
404 538 440 598 de
452 538 521 599 belli
534 537 700 615 desperaret
709 548 822 616 eventu,
838 557 900 598 cum
910 543 977 598 tanti

64 644 97 685 se
117 639 172 684 non
187 641 254 683 esse
273 622 407 699 dixisset,
430 632 459 681 ut
471 631 590 700 propter
601 639 664 681 eum
680 621 765 681 civile
781 623 885 682 bollum
900 641 976 683 com·
1001 650 1027 693 p,

64 717 232 768 moveretur.
255 705 419 766 Voluntaria
430 714 520 764 morte
533 705 603 765 obiit
613 708 760 782 trigesimo
773 715 801 765 et
813 716 916 767 octavo
928 727 976 767 ae·
987 716 1044 761 GN·

64 794 127 853 tatis
139 809 222 867 anno,
239 792 423 867 nonagesimo
437 799 465 848 et
479 791 574 867 quinto
593 791 702 866 imperii
715 789 770 849 die.
993 787 1028 833 ⁶⁹·

127 877 214 936 Gar.
235 871 339 934 XVIll.
359 871 455 953 (ΧΗ.)
490 872 563 932 Dein
581 872 711 932 Vitellius
729 876 850 951 imperio
868 877 975 953 potitus

64 970 118 1036 est,
132 957 234 1018 iamilia
246 959 381 1018 honorata
393 958 483 1034 magis
496 974 578 1035 quiam
589 955 687 1015 nobili.
724 956 795 1016 Nam
814 968 895 1036 pater
914 962 975 1019 eius

63 1062 118 1104 non
129 1041 276 1103 admodum
289 1040 364 1100 clare
375 1050 474 1116 natus,
495 1050 552 1099 tres
565 1050 656 1100 tamen
672 1040 828 1101 ordinarios
846 1053 976 1120 gesserat

65 1127 237 1187 consulatus.
265 1124 320 1184 Hic
336 1143 398 1184 earn
419 1124 504 1184 multo
522 1124 666 1186 dedecore
682 1127 830 1203 imperavit
847 1135 876 1185 et
896 1129 976 1204 gravi

63 1213 180 1274 saevitia
190 1209 333 1286 notabilis,
347 1211 503 1287 praecipue
515 1208 640 1286 ingluvie
649 1217 679 1267 et
689 1211 856 1286 voracitate,
869 1213 976 1290 quippe

63 1314 127 1355 cum
138 1295 174 1353 de
185 1294 232 1353 die
243 1310 332 1370 saepe
348 1302 446 1371 quarto
465 1291 512 1351 vel
525 1295 622 1370 qltlnlo
638 1292 744 1353 ieratur
759 1293 898 1371 epulatus.
918 1295 976 1354 No·
1063 1290 1065 1295 ’

64 1381 171 1439 tissima
181 1387 259 1436 certe
275 1394 363 1436 coena
378 1378 532 1435 memoriae
542 1376 669 1436 mandata
681 1385 735 1452 est,
752 1395 834 1454 quam
850 1380 876 1436 ei
887 1378 976 1437 Vitel-

10 1499 20 1518 .
64 1464 117 1522 lius
134 1463 220 1521 irater
233 1460 369 1537 exhibuit,
390 1463 418 1519 in
438 1478 503 1539 qnia,
521 1477 608 1538 super
624 1469 736 1519 ceteros
749 1471 895 1539 sumptus,
920 1463 975 1522 duo

64 1546 137 1606 milia
153 1547 282 1624 piscium,
296 1553 406 1623 septem
417 1547 508 1603 avium
520 1545 596 1603 milia
610 1547 742 1623 apposita
753 1545 905 1606 traduntur.
924 1546 977 1606 llic

64 1649 126 1690 curn
141 1629 247 1689 Neroni
261 1629 360 1688 similis
373 1647 439 1688 esse
450 1627 538 1688 vellet
549 1638 634 1707 atque
652 1627 680 1687 id
692 1628 764 1688 adeo
781 1646 849 1706 prae
867 1648 899 1689 se
920 1631 975 1690 ier·

63 1723 116 1791 ret,
136 1724 166 1773 ut
177 1716 261 1773 etlam
273 1715 424 1792 exsequias
437 1712 577 1789 NeronIs,
602 1731 674 1791 quiae
687 1713 828 1772 humiliter
845 1714 975 1792 sepultae

64 1800 182 1875 inerant,
200 1797 369 1873 honoraret,
390 1797 587 1874 aVespasiani
610 1796 730 1857 ducibus
743 1802 856 1856 occisus
875 1808 919 1857 est
934 1801 974 1857 in·

63 1882 184 1942 teriecto
197 1883 274 1960 prius
285 1881 575 1958 Sabino‚Vespasiani
591 1882 768 1957 imperatoris
781 1881 877 1958 iratre,
891 1901 975 1960 quem

63 1984 126 2026 carm
141 1963 283 2043 Capitolio
295 1963 427 2023 incendit.
455 1962 625 2023 Interiectus
642 1973 734 2023 autem
747 1974 831 2024 estet
844 1983 906 2024 eum
918 1984 974 2026 ma·

62 2066 119 2126 gno
134 2048 276 2107 dedecore
289 2056 394 2107 tractus
413 2064 464 2124 per
482 2048 577 2105 urbem
594 2047 712 2106 Romam
728 2047 853 2125 publice,
872 2049 975 2127 nardus,

64 2140 160 2192 erecta
172 2148 253 2191 coma
267 2140 295 2190 et
313 2131 417 2208 capite,
436 2130 566 2189 subiecto
579 2130 613 2189 ad
630 2140 752 2190 mentum
768 2131 881 2208 gladio,
905 2142 975 2193 ster·

64 2233 134 2275 core
159 2217 187 2275 in
209 2215 314 2294 vultum
335 2222 363 2272 et
381 2223 482 2291 peetus
505 2214 538 2273 ab
561 2214 689 2273 omnibus
711 2215 803 2274 obviis
821 2219 975 2293 appetitos.

63 2300 209 2359 Postremo
221 2298 360 2377 iugulatus
378 2307 406 2357 et
421 2301 448 2358 in
460 2297 583 2357 Tiberim
595 2298 723 2357 deiectus
733 2301 822 2358 etiam
834 2303 974 2360 communi

63 2385 152 2444 caralit
174 2382 328 2460 sepultam.
364 2381 451 2441 Periit
474 2391 568 2441 autem
590 2384 690 2441 aetatis
707 2399 779 2442 anno
798 2386 919 2461 septImo
945 2394 974 2445 et
983 2357 1041 2468 epp

63 2469 309 2547 quinquagesimo,
325 2468 435 2544 imperii
450 2484 548 2525 mense
564 2487 627 2526 vru.
645 2475 673 2524 et
685 2466 730 2525 die
744 2484 810 2526 uno.
992 2495 1024 2537 59,

126 2553 209 2611 Gne.
225 2548 420 2630 XIX.(Xlll.)
440 2550 631 2628 Vespasianus
641 2551 705 2608 hiric
717 2553 868 2627 suecessit,
883 2552 973 2613 iactans

62 2636 136 2715 apud
158 2635 341 2694 Palaestinam
367 2636 530 2712 imperator,
557 2636 690 2712 princeps
716 2636 839 2695 obscure
861 2636 974 2714 quidem

63 2730 153 2796 natas,
170 2718 221 2777 sed
238 2720 350 2796 optimis
364 2718 578 2795 comparandus,
603 2721 709 2795 privata
723 2721 779 2778 vita
793 2719 921 2796 illustris,
943 2731 973 2780 ut
1001 2741 1026 2780 e.

63 2806 110 2882 qrri
122 2821 137 2862 a
151 2801 268 2863 Claudio
281 2804 308 2861 in
321 2800 506 2877 Germaniam,
523 2801 624 2860 demde
636 2822 664 2861 m
675 2801 842 2861 Britanniam
857 2806 970 2880 missus,
986 2808 1043 2851 cn,
1080 2823 1082 2826 ·

63 2889 159 2947 tricies
172 2896 200 2945 et
210 2886 255 2946 blo
268 2904 330 2944 cnm
344 2887 426 2945 hoste
443 2885 611 2963 condixerit,
625 2885 694 2945 duas
704 2885 891 2946 validissimas
904 2906 972 2964 gen·
992 2877 1023 2918 ¹³·

64 2981 118 3047 tes,
132 2991 168 3029 xx
181 2970 296 3047 oppida,
310 2969 427 3029 insulam
435 2969 563 3046 Vectem,
576 2968 735 3029 Britanniae
747 2975 912 3047 proximam,
925 2974 974 3030 im·

65 3056 144 3133 perio
161 3055 288 3113 Romano
304 3053 448 3114 adiecerit.
473 3053 581 3112 Rornae
593 3072 626 3113 se
638 3055 666 3112 in
678 3055 797 3131 imperio
810 3054 973 3114 moderatis-

63 3142 134 3199 sime
148 3140 249 3217 gessit.
277 3136 418 3197 Pecuniae
429 3146 533 3196 tantum
547 3137 655 3197 avidior
666 3137 728 3215 iuit,
742 3141 779 3198 ita
792 3149 821 3198 ut
833 3157 894 3197 earn
906 3139 973 3197 narlli

62 3225 164 3283 iniuste
179 3222 312 3283 auferret.
343 3220 433 3294 Qunam
459 3240 522 3280 cum
541 3224 616 3281 omni
629 3222 793 3299 diligentiae
810 3225 974 3300 provisione

63 3307 223 3386 colligeret,
237 3316 328 3367 tamen
344 3306 551 3366 studiosissime
563 3305 744 3383 largiebatur,
769 3307 922 3385 praecipue
934 3307 973 3364 in·

64 3392 232 3468 eligentibus.
266 3389 328 3450 Nec
345 3390 428 3450 iacile
446 3398 510 3450 ante
522 3409 585 3448 eum
597 3392 760 3467 erriarsquam
779 3390 914 3533 ppipeipis
926 3388 973 3448 vel
