2266 3832
120 190 161 254 84
467 205 757 255 saoarurrrous.

75 365 110 419 43
119 356 211 422 ducis
233 346 479 422 consenesceret
497 356 542 418 im
564 364 647 420 etus.
669 377 731 420 nec
748 356 873 457 diutius
887 360 1018 445 profuit
1035 361 1122 461 ducis

119 441 259 505 salutare
281 439 461 504 consilium.
564 460 598 503 es
625 440 741 521 otium,
770 441 851 505 socir
871 463 1018 527 moram,
1040 466 1113 545 prm

118 526 207 609 cipes
226 524 382 587 ambitum
402 523 494 587 ducis
514 521 737 607 increpabant.
760 524 809 587 sic
851 526 1120 612 raecipitantrbus

117 607 195 671 fatis
237 606 338 671 roelio
358 613 484 704 sumpta
495 604 666 669 Thessalia
685 613 751 686 est,
775 614 808 669 et
821 545 1020 695 lhilippicis
1041 631 1120 675 cam·

117 692 167 774 pis
187 711 227 753 ur
250 691 288 770 is,
311 691 356 753 im
379 690 448 769 erir,
470 690 600 773 generis
612 688 747 753 humani
762 688 832 753 fata
850 692 1029 757 commissa
1040 701 1119 759 suut

76 784 294 857 senumquam
374 794 392 838 o
424 771 496 837 loco
526 780 653 836 tautrun
678 773 800 836 virium
831 772 948 859 populi
975 774 1120 857 Romani,

115 863 242 918 tantum
263 856 432 939 dignitatis
459 854 606 920 Fortuna
632 856 793 938 respexit:
815 863 967 921 trecenta
984 859 1120 945 amplius

115 937 206 1001 milia
226 938 302 1002 hinc
317 937 371 1001 vel
389 936 481 1001 illino
496 947 626 1023 praeter
646 936 779 1019 auxilia,
798 959 895 1023 reges
911 946 947 1003 et
964 951 1119 1007 senatum.

73 1039 107 1088 45
116 1042 291 1107 numquam
325 1022 512 1084 inminentis
544 1022 657 1084 ruinae
698 1020 923 1087 manifestiora
976 1024 1119 1108 rodigia:

115 1104 195 1188 fuga
221 1104 441 1185 victimarum,
469 1106 620 1168 examina
646 1104 682 1167 in
710 1104 829 1189 signis,
858 1045 1006 1171 interdiu
1034 1116 1132 1171 tener

115 1188 206 1252 brae.
251 1188 320 1252 dux
344 1188 416 1273 ipse
436 1190 471 1252 in
491 1196 650 1252 nocturna
669 1189 809 1285 imagine
830 1187 984 1273 plausum
1003 1189 1118 1255 theatri

116 1272 168 1334 sui
188 1271 325 1335 audiens
345 1273 380 1334 in
401 1278 533 1336 modum
551 1269 702 1356 planctus
724 1280 982 1337 circumsonatus
1002 1281 1037 1337 et
1056 1294 1117 1337 ma·

115 1377 157 1419 ne
186 1377 260 1419 cum
278 1354 367 1440 pullo
395 1354 495 1440 pallio
513 1391 558 1403 -
576 1353 670 1417 nefas
690 1390 734 1403 -
753 1361 833 1439 aput
880 1355 1023 1441 rincipia
1048 1378 1117 1422 oon-

72 1453 107 1505 so
117 1448 246 1524 spectus
266 1447 325 1501 cst.
368 1458 543 1523 numquam
572 1437 679 1502 acrior
704 1457 808 1534 neque
830 1458 852 1500 a
902 1439 971 1502 rior
998 1440 1117 1503 exerci-

115 1530 168 1585 tus
192 1520 343 1584 Caesaris
364 1521 443 1604 fuit;
464 1519 540 1583 inde
561 1518 699 1583 classica
718 1539 824 1605 prius,
846 1520 924 1585 inde
940 1520 1020 1585 tela.
1065 1521 1116 1587 ad-

115 1612 261 1668 notatum
289 1624 416 1688 quoque
444 1603 671 1668 committentis
705 1603 809 1667 aciem
836 1601 981 1669 Crastini
1007 1604 1116 1690 pilum,

117 1688 172 1772 qui
192 1707 270 1749 mox
289 1685 404 1749 adacto
432 1687 467 1749 in
489 1706 525 1750 os
546 1684 672 1769 gladio,
701 1686 748 1749 sic
774 1686 860 1749 inter
885 1686 1051 1751 cadavera
1070 1710 1117 1753 ra·

115 1777 226 1855 pertus
249 1777 315 1831 est:
344 1767 514 1833 libidinem
535 1789 574 1832 ac
592 1768 717 1832 rabiem
738 1789 802 1854 qua
819 1779 1028 1855 pugnaverat
1049 1772 1118 1857 ipsa

74 1870 108 1918 47
117 1853 261 1916 novitate
286 1851 430 1916 volneris
457 1850 673 1936 praeferebat.
718 1851 777 1916 sed
802 1873 865 1916 nec
888 1853 997 1917 minus
1018 1852 1118 1919 admi·

115 1935 250 2000 rabilior
269 1934 357 1999 illius
379 1935 486 1998 exitus
506 1933 596 1999 belli.
619 1936 739 2021 quippe
755 1956 829 1998 cum
839 1934 1015 2021 Pompeius
1037 1936 1132 2002 adeo

116 2020 260 2083 euitum
294 2020 388 2105 copia
413 2018 607 2099 abundaret,
639 2027 676 2082 ut
707 2016 804 2082 facile
838 2019 1117 2085 circumventurus

73 2043 181 2167 asilu
204 2102 378 2168 Caesarem
398 2103 578 2182 videretur,
602 2102 841 2165 circumventus
863 2102 934 2187 ipse
949 2110 1010 2165 est.
1043 2124 1119 2167 uam

116 2209 190 2252 cum
211 2187 267 2251 diu
288 2207 390 2273 aequo
411 2185 517 2250 Marte
537 2184 782 2266 contenderent,
804 2184 958 2271 iussuque
980 2184 1119 2273 Pompei

117 2271 249 2335 effusius
272 2292 291 2331 a
312 2292 413 2334 cornu
432 2271 593 2354 erupisset
614 2268 792 2352 equitatus,
818 2276 953 2352 repente
974 2266 1054 2333 hinc
1076 2270 1118 2333 si·

115 2375 180 2436 gno
208 2352 283 2416 dato
319 2352 555 2416 Germanorum
584 2350 732 2417 cohortos
763 2358 890 2415 tantum
922 2351 958 2415 in
996 2351 1117 2417 effusos

116 2438 240 2521 equites
262 2434 369 2498 fecere
390 2436 554 2518 impetum,
575 2442 612 2497 ut
632 2433 681 2498 illi
702 2455 773 2498 esse
794 2433 929 2519 pedites,
947 2434 982 2498 hi
1002 2437 1119 2500 venire

73 2525 109 2577 49
117 2519 152 2580 in
179 2518 270 2602 equis
297 2516 495 2580 viderentur.
540 2517 625 2581 hanc
649 2527 790 2601 stragem
810 2516 967 2601 fugientis
994 2519 1119 2605 equita

114 2610 166 2664 tus
189 2601 271 2662 levis
300 2609 481 2663 armaturae
508 2602 603 2664 ruina
624 2601 775 2665 comitata
801 2608 867 2682 est3
889 2608 968 2665 tunc
992 2608 1119 2667 terrore

115 2684 211 2748 latius
234 2681 324 2763 dato,
350 2682 557 2747 turbantibus
578 2685 719 2747 invicem
741 2705 778 2748 oo
802 2683 860 2764 iis,
887 2683 1014 2770 reliqua
1036 2693 1118 2749 stra-

116 2789 174 2850 ges
190 2767 283 2852 quasi
294 2787 360 2829 una
380 2787 478 2830 manu
497 2767 585 2830 facta
604 2775 668 2849 est3
685 2789 747 2831 nec
812 2787 832 2829 a
850 2787 905 2830 res
919 2767 1026 2851 magis
1049 2768 1118 2833 exi·

73 2864 107 2914 50
115 2851 161 2914 tio
182 2850 245 2913 fuit
287 2871 363 2912 uam
382 2850 454 2934 ipsa
472 2852 633 2917 exercitus
655 2849 854 2934 magnitudo.
887 2848 1007 2913 multus
1025 2851 1118 2915 ineo

114 2933 238 3017 proelio
266 2870 390 2997 gessar
415 2933 478 2996 fuit
501 2933 691 3019 mediusque
717 2933 802 2996 inter
828 2933 1058 3016 imperatorem
1086 2942 1119 2997 et

115 3014 260 3079 militem.
304 3037 401 3080 voces
427 3037 554 3102 quoque
575 3015 792 3102 obequitantis
819 3023 985 3101 acceptas,
1014 3014 1119 3081 altera

116 3106 266 3180 cruenta,
297 3097 355 3162 sed
376 3098 471 3162 docta
492 3100 587 3163 etad
608 3100 777 3164 victoriam
794 3097 911 3165 efficax
934 3098 1048 3181 ‘miles
1069 3099 1117 3165 fa-

118 3185 200 3247 ciem
220 3181 316 3245 feril'
336 3180 439 3245 altera
460 3183 503 3247 ad
522 3184 727 3247 iactationem
747 3182 913 3267 conposita
934 3189 1051 3267 ‘parce
1072 3183 1115 3247 ci-

76 3276 107 3328 51
118 3266 249 3331 vibusl’
271 3287 345 3329 oum
364 3266 436 3350 ipse
458 3275 645 3352 sequeretur
659 3264 788 3329 felicem
804 3272 977 3351 utcumque
998 3266 1034 3329 in
1049 3287 1116 3331 ma-

118 3349 159 3425 lis
181 3349 385 3435 Pompeium,
414 3349 440 3412 si
470 3349 580 3402 eedem
603 3351 710 3411 inmun
737 3368 819 3447 quae
846 3348 1024 3413 exercitum
1045 3349 1115 3413 eius

119 3431 249 3486 fortuma
269 3433 427 3494 trurisupt„
485 3465 505 3490 -ι,
531 3481 533 3486 .
574 3461 597 3482 ··
674 3431 829 3490 ·¹'‘m¹4⁹4lt¹
857 3450 934 3493 ‘tuae
954 3431 1054 3513 vixit,
1079 3440 1117 3495 ut
