2266 3832
48 158 52 165 ’
142 183 184 244 uo
488 186 706 244 eonnorm
807 160 818 175 ⁶

142 369 195 410 vns
207 352 271 427 iam,
283 351 373 449 utqui
387 350 783 493 septuagenarigrmcattigisset
798 358 942 449 aetatem,
958 352 1070 495 pugeio·

74 434 1071 603 g,{tlteilld?ittattmatltitltztsnb

79 627 124 670 aaa
143 600 241 662 Iuliani
256 602 368 661 scelere
379 604 493 660 occisus
506 610 560 660 est.

206 685 292 745 Gau.
304 683 395 745 XVII.
408 685 490 764 (IX.)
512 682 581 745 Post
598 702 661 744 eum
671 682 785 743 Salvius
795 682 926 745 lulianus
939 704 1007 747 rem
1021 704 1069 765 pu·

140 769 242 831 blicam
254 771 371 845 invasit,
387 771 432 828 vir
443 769 547 829 nobilis
564 778 594 828 et
603 771 665 828 iure
677 769 880 847 peritissimus,
893 786 997 849 nepos
1010 769 1074 831 sat

139 856 178 913 vii
197 850 311 930 Iuliani,
335 855 383 931 qui
399 854 452 913 sub
464 853 531 913 divo
542 851 683 912 Hadriano
698 861 881 931 perpetuom
899 856 1070 933 composuit

140 939 282 999 edictum.
314 934 414 997 Victus
426 945 471 996 est
482 955 498 997 a
509 936 618 997 Severo
632 935 709 1014 apud
718 934 854 996 Ilulvium
867 946 1011 1017 pontem,
1029 941 1068 999 iu-

139 1019 277 1080 terlectus
300 1022 327 1079 in
349 1019 464 1097 palatio.
497 1020 574 1081 Vixit
584 1021 734 1080 mensibus
752 1028 882 1097 septem,
908 1031 1068 1101 postquam

141 1111 279 1182 coepemt
294 1106 444 1181 imperare.

204 1188 289 1248 Gur.
302 1185 405 1247 xvitt.
419 1186 487 1269 (X.)
521 1186 593 1247 Hinc
611 1188 722 1264 imperii
738 1185 857 1246 Romani
879 1187 1066 1249 administra-

140 1273 246 1331 tionem
267 1273 420 1348 Septimius
440 1273 565 1332 cherus
585 1273 713 1349 accepit,
737 1269 872 1330 oriundus
893 1289 932 1331 en
952 1272 1064 1350 Africa,

141 1357 287 1434 provincia
298 1354 481 1434 Tripolitana,
498 1353 605 1432 oppido
622 1353 714 1432 Lepti.
748 1353 832 1413 Solus
857 1357 936 1415 omni
954 1374 1064 1416 mumo-

140 1441 181 1499 ria
197 1449 300 1499 etanta
313 1449 341 1498 et
357 1449 458 1517 postea
470 1457 505 1498 ex
511 1439 608 1497 Africa
622 1440 777 1516 imperator
787 1437 851 1498 luit.
871 1437 927 1499 llic
940 1442 1065 1517 primum

141 1523 202 1582 lisci
214 1521 378 1597 advocatus,
400 1540 466 1583 mox
480 1522 608 1581 militaris
625 1522 768 1597 tribunus,
792 1539 844 1599 per
853 1521 943 1583 multa
957 1522 1064 1585 deiude

140 1623 174 1665 ac
190 1606 267 1664 varia
278 1605 373 1665 uilicIa
388 1615 473 1683 atque
488 1606 613 1665 honores
628 1624 719 1685 usque
735 1606 771 1666 ad
785 1605 1062 1672 administrationem

139 1689 226 1748 totius
237 1691 279 1749 roi
295 1689 427 1767 publicae
438 1692 525 1749 venit.
548 1689 723 1750 Pertinacem
735 1708 767 1750 se
778 1689 917 1768 appellari
929 1690 1062 1757 rolnitiu

139 1774 277 1832 honorem
304 1774 365 1831 eins
387 1772 558 1849 PcrtInacis,
584 1775 632 1851 qui
655 1792 671 1833 a
690 1771 800 1833 Iuliano
816 1774 910 1833 fuerat
929 1777 1061 1837 occisus.

139 1854 243 1916 Parcus
258 1855 406 1916 admodum
421 1856 482 1931 luit,
496 1866 592 1916 natura
606 1874 718 1917 saevus.
749 1857 829 1918 Bella
844 1857 932 1918 multa
948 1867 983 1918 et
997 1859 1061 1920 ieli-

140 1941 211 1998 citer
221 1941 321 2018 gessit.
345 1939 530 1999 Pescennium
545 1940 679 2017 Nigrum,
700 1943 748 2021 qui
759 1943 788 2000 in
799 1941 936 2019 Aegypto
957 1952 992 2002 et
1006 1942 1060 2024 sy-

139 2025 180 2083 ria
191 2023 394 2100 rebellaverat,
421 2024 497 2103 apud
512 2022 648 2104 Cynicum
668 2025 819 2085 iuterfecit.
852 2023 975 2086 Parthos
990 2030 1062 2087 vicit

139 2117 169 2167 et
180 2107 288 2169 Arabas
301 2110 451 2168 interiores
468 2117 496 2167 et
509 2108 682 2169 Adiabenos.
718 2108 827 2170 Arabas
844 2126 879 2170 eo
896 2127 995 2188 usquc
1013 2131 1059 2172 su-

140 2195 259 2270 peravit,
278 2203 309 2253 ut
329 2196 412 2253 etlam
426 2196 600 2270 provinciam
613 2193 652 2253 ibi
666 2193 784 2254 laceret.
816 2191 932 2253 Idcirco
949 2191 1059 2256 Parthi·

140 2294 201 2352 cus,
210 2275 358 2352 Arabicus,
371 2277 562 2336 Adiabenicus
574 2276 665 2336 dictus
678 2286 732 2336 est,
755 2275 842 2337 Multa
852 2285 913 2336 toto
925 2276 1061 2340 Romanu

88 2408 106 2448 Ρ
142 2360 212 2418 orbe
227 2362 378 2437 reparavit.
404 2360 462 2419 Sub
474 2376 510 2419 eo
524 2363 608 2420 etiam
620 2359 737 2421 Clodius
750 2361 880 2437 Albinus,
896 2363 946 2441 qui
961 2363 992 2421 iu
1008 2379 1059 2423 oc·

71 2441 128 2518 ej,
142 2441 263 2502 cidcndo
281 2440 428 2503 Pertinace
449 2445 545 2503 socius
562 2445 653 2504 iuerat
668 2443 793 2521 Iuliano,
813 2443 968 2505 Gaesarem
981 2464 1019 2507 se
1031 2449 1059 2513 in

82 2543 124 2587 rar.
140 2522 229 2586 Gallia
242 2526 325 2598 lecit,
348 2527 498 2606 victusque
512 2527 588 2606 apud
601 2528 766 2606 Lugdunum
777 2538 822 2589 cst
836 2537 865 2589 et
874 2529 1059 2591 interiectus.

204 2609 289 2669 (ian.
307 2609 384 2670 XIX.
417 2610 542 2670 Severus
555 2620 646 2671 autem
660 2613 914 2691 praeterbellicam
933 2613 1060 2692 gloriam

141 2693 224 2752 etiam
236 2693 366 2753 civilibus
378 2693 478 2753 studiis
491 2695 584 2755 clarus
600 2697 652 2755 luit
668 2705 697 2756 et
715 2696 805 2756 literis
820 2696 937 2772 doctus,
959 2698 1058 2775 pbilo-

92 2802 119 2842 ρ,
134 2778 259 2853 ‘sophiae
279 2779 426 2838 scientiam
441 2778 476 2838 ad
494 2778 609 2856 plenum
626 2779 756 2857 adeptus.
784 2779 977 2840 Novissimum
994 2782 1059 2842 bel-

71 2869 128 2912 cm.
139 2860 197 2919 lum
213 2862 241 2920 iu
255 2860 395 2921 Britannia
408 2862 520 2939 habuit,
548 2872 634 2941 utque
649 2874 782 2942 receptas
800 2865 963 2943 provincias
979 2869 1060 2927 omni

76 2938 122 2980 2⁰⁸·
143 2946 295 3005 securitate
303 2947 433 3022 muniret,
452 2945 555 3005 vallum
566 2964 620 3023 per
629 2966 709 3008 mn
719 2947 794 3009 milia
806 2966 941 3027 passuum
953 2967 972 3010 a
985 2953 1060 3011 mari

85 3041 110 3083 Ρ.
140 3026 174 3087 ad
187 3045 262 3087 mare
277 3028 402 3087 deduxit.
420 3029 555 3088 Decessit
569 3028 691 3090 Eboraci
704 3030 852 3091 admodum
864 3050 953 3092 senex
965 3036 1060 3112 impc-

70 3109 128 3154 ΟΝ·
139 3111 172 3170 rii
184 3128 256 3170 anuo
268 3121 350 3171 sexto
363 3112 488 3188 decimo,
509 3131 607 3172 mense
624 3117 725 3191 tertio,
749 3110 878 3175 etllivds
892 3116 1060 3195 appellatus

77 3180 122 3221 ²¹¹·
140 3203 193 3255 cst.
227 3193 278 3231 ***
294 3195 364 3265 Nam
376 3195 449 3255 lilius
464 3196 536 3256 duos
552 3215 738 3258 successores
751 3199 875 3278 reliquit,
888 3199 1061 3263 Bmsianum

140 3288 169 3338 et
186 3277 299 3355 Getam,
323 3278 375 3338 sed
392 3279 528 3339 Bassiano
545 3280 677 3341 Antonini
693 3299 828 3344 nomena
848 3293 947 3344 senatu
963 3286 1061 3347 voluit

31 3403 57 3439 χ
138 3363 253 3440 imponi.
290 3361 388 3440 ltaque
402 3362 492 3422 dictus
509 3373 552 3423 est
567 3364 606 3425 Ill.
622 3364 755 3425 Aurelius
770 3365 926 3427 Antoninus
940 3367 1058 3433 Bassia·
