2266 3832
489 227 548 310 1,1
575 226 705 315 [1-2].
1081 231 1101 289 5

95 395 264 481 oppidum.
288 393 392 479 spolia
400 395 534 479 insuper
545 395 652 479 opima
663 394 704 458 de
715 415 793 492 rege
807 394 941 478 Agrone
953 393 1102 460 Feretrio

94 478 169 543 Iovi
177 478 326 542 manibus
339 478 406 541 suis
417 499 478 541 rex
487 479 675 563 reportavit.
695 475 825 542 Sabinis
835 476 983 561 proditae
989 485 1101 563 portae
1114 488 1126 538 1

94 583 155 648 per
174 562 338 646 virginem
350 559 522 646 Tarpeiam
538 562 679 625 nomine.
709 561 820 626 dolose
859 560 951 641 uella·
963 561 1103 646 pretium

93 645 148 709 rei
159 665 242 731 quae
252 644 412 729 gerebant
428 646 464 706 in
482 645 622 709 sinistris
639 646 815 729 petiverat,
831 582 965 708 dubium
981 643 1102 729 clipeos

72 727 313 810 sanarmillas3
331 727 395 809 illi,
416 737 502 792 utet
521 727 618 793 fidem
630 728 794 792 solverent
811 736 844 791 et
859 727 1102 808 ulciscerentur,

96 811 211 910 clipeis
223 809 372 875 obruere.
390 813 436 874 ita
447 812 597 875 admissis
609 813 695 874 intra
705 813 834 875 moenia
843 811 1000 893 hostibus,
1008 818 1104 876 atrox
1117 832 1126 880 1

95 896 132 959 in
142 915 215 980 ipso
227 894 298 958 loro
308 915 435 980 pugna,
452 894 533 959 adeo
551 903 588 959 ut
599 894 756 959 Romulus
770 894 884 958 Iovem
896 904 1017 976 oraret,
1034 894 1103 958 foe-

95 978 173 1042 dam
184 977 364 1043 suorumfu
388 999 440 1041 am
450 980 597 1061 sisteret3
613 979 690 1042 hinc
699 978 855 1064 templum
866 987 897 1042 et
910 977 1019 1043 Stator
1028 978 1103 1062 Iup-

93 1062 191 1147 piter.
220 1061 353 1125 tandem
364 999 548 1137 durantibus
566 1063 771 1145 intervenere
787 1072 898 1148 raptae
914 1062 1031 1126 laceris
1051 1072 1126 1125 col

61 1165 88 1207 ιο
96 1146 169 1208 mis.
210 1146 258 1209 sic
284 1165 351 1230 pax
374 1145 462 1208 lacta
490 1166 561 1208 cum
583 1145 678 1210 Tatio
706 1145 821 1210 foedus
844 1168 885 1210 ue
905 1166 1102 1232 percussum,

95 1235 274 1314 secutaque
285 1249 338 1292 res
349 1230 432 1291 mira
444 1229 547 1310 dictu,
564 1237 600 1291 ut
620 1229 742 1293 relictis
763 1169 895 1293 sedilrus
908 1232 974 1293 suis
985 1249 1102 1292 novam

95 1312 131 1374 in
140 1310 257 1375 urbem
268 1311 377 1375 hostes
397 1311 616 1396 demigrarent
633 1321 665 1375 et
682 1334 755 1376 curn
773 1315 902 1396 generis
914 1315 980 1377 suis
996 1313 1102 1375 avitas

94 1414 175 1479 opes
187 1415 248 1480 pro
267 1394 342 1458 dote
360 1396 530 1458 sociarent.
567 1397 670 1459 auctis
681 1395 775 1459 brevi
786 1395 927 1478 viribus,
945 1396 1125 1463 hunerexl

95 1478 359 1563 sapientissimus
370 1486 488 1542 statum
498 1479 546 1541 rei
557 1478 707 1564 publicae
718 1480 752 1542 in
777 1481 878 1543 osuit:
893 1481 1045 1543 iuventus
1055 1478 1102 1542 di-

62 1595 87 1636 η
96 1562 219 1708 vimpg
245 1560 350 1625 tribus
362 1563 397 1624 in
408 1564 498 1647 equis
511 1571 543 1625 et
555 1563 653 1625 armis
665 1562 708 1625 ad
720 1501 911 1625 sulitabelli
918 1561 1103 1643 excubaret,

97 1664 189 1709 consi
204 1645 271 1708 'um
283 1645 332 1707 rei
342 1643 491 1730 publicae
501 1667 601 1730 penes
614 1667 707 1709 senes
720 1654 805 1710 esset
810 1693 819 1726 ,
838 1647 894 1731 qui
913 1668 956 1709 cx
966 1647 1103 1709 auctori-

94 1735 164 1793 tate
174 1736 295 1814 patres,
307 1725 349 1791 ob
361 1736 500 1792 aetatem
512 1737 642 1793 senatus
658 1728 868 1792 vocabantur.
898 1729 949 1792 his
959 1731 1006 1792 ita
1017 1728 1126 1793 ordi-1

95 1811 183 1875 natis
201 1818 346 1896 repente,
364 1831 437 1875 cum
454 1813 637 1876 contionem
653 1811 788 1876 haberet
803 1821 878 1875 ante
895 1811 1009 1875 urbem
1026 1821 1104 1897 aput

98 1894 227 1981 Caprae
243 1893 411 1980 paludem,
435 1903 645 1980 econspectu
662 1894 789 1960 ablatus
809 1904 867 1958 est.
902 1895 1008 1959 discer
1030 1904 1124 1964 tuml

60 1977 201 2063 utaliqui
211 1998 233 2040 a
245 1986 359 2041 senatu
374 1986 489 2063 putant
503 1978 544 2042 ob
560 1972 705 2064 asperius
718 1980 902 2064 ingenium3
921 1979 979 2043 sed
990 1916 1104 2043 olorta

95 2070 272 2146 tempestas
286 2061 428 2146 solisque
446 2061 585 2126 defectio
598 2063 849 2126 consecrationis
860 2063 1001 2147 speciem
1011 2083 1103 2147 prae·

95 2144 209 2209 buera.
231 2145 285 2208 cui
303 2165 380 2208 mox
397 2144 501 2208 Iulius
512 2145 669 2211 Proculus
685 2146 783 2210 fidem
794 2145 887 2226 fecit,
906 2147 1012 2208 visum
1029 2166 1049 2208 a
1066 2167 1100 2209 se
1115 2157 1133 2205 ιἸ

95 2226 274 2293 Romulum
281 2227 649 2313 adfirmansaugustiore
656 2229 761 2293 forma
767 2249 864 2315 quarn
870 2229 1003 2310 fuisset3
1016 2250 1104 2291 man-

97 2310 177 2377 dare
192 2319 407 2397 praetereant
418 2333 452 2375 se
462 2332 521 2398 pro
532 2314 664 2377 numine
675 2315 874 2399 acciperent3
888 2311 1060 2392 Quirinum
1070 2314 1105 2375 in

62 2395 195 2469 „caelo
208 2395 335 2476 vocari3
369 2394 501 2459 lacitum
514 2396 564 2461 dis
575 2405 612 2461 ut
647 2398 768 2460 entium
778 2395 882 2459 Roma
890 2403 1066 2482 poteretur.

186 2476 338 2543 Succedit
386 2479 492 2544 omulo
509 2479 617 2544 Numa
662 2479 827 2566 ompilius,
848 2501 944 2578 quem
963 2478 1131 2545 Curibus2

101 2558 233 2627 Sabinis
295 2570 402 2626 entem
418 2562 503 2627 ultro
522 2565 709 2650 petiverunt
727 2563 768 2628 ob
785 2562 931 2626 inclrtam
947 2565 1012 2627 viri
1028 2562 1103 2626 reli-

99 2647 242 2731 gionem.
267 2647 280 2709 i
307 2666 429 2709 esacra
440 2655 472 2710 et
483 2649 695 2712 caerimonias
714 2667 904 2732 omnemque
916 2647 1037 2710 cultum
1049 2645 1129 2710 de-2

100 2750 195 2794 orum
211 2728 430 2794 inmortalium
448 2731 566 2812 docuit,
584 2731 640 2795 ille
651 2731 830 2816 pontifices,
842 2751 993 2814 augures,
1006 2729 1103 2793 salios

59 2836 87 2879 ao
102 2820 191 2877 ceter
232 2834 275 2877 ua
295 2813 491 2897 sacerdotia,
516 2835 700 2900 annumque
720 2816 755 2878 in
778 2814 948 2878 duodecim
966 2835 1103 2893 mensae,

99 2833 285 2961 fastoddies
297 2897 505 2983 nefastosque
517 2899 697 2983 descripsit,
714 2899 770 2963 ille
781 2898 901 2961 ancilia
912 2897 1018 2983 adque
1029 2895 1131 2960 Pal-3

99 2978 232 3061 ladium,
248 2988 374 3044 secreta
387 2981 546 3065 quaedam
557 2983 684 3068 imperii
694 2985 842 3068 pignora,
859 2981 1037 3067 Ianumque
1048 3002 1103 3065 ge-

99 3064 233 3145 minum,
247 3062 345 3129 fidem
379 3065 446 3128 acis
457 3064 600 3147 acbelli,
618 3067 653 3129 in
685 3067 776 3130 rimis
787 3065 896 3129 focum
906 3065 1026 3129 Vestae
1039 3065 1103 3128 vir-

100 3144 233 3233 ginibus
252 3086 424 3212 colendum
441 3148 545 3231 dedit,
569 3157 606 3212 ut
630 3170 650 3212 a
690 3149 898 3214 simulacrum
916 3148 1104 3212 caelestium

60 3258 88 3301 ss
102 3230 247 3297 siderum
268 3239 376 3295 custos
398 3233 443 3296 im
467 3233 527 3296 erii
547 3232 677 3296 flamma
697 3233 865 3317 vigilaret:
893 3231 973 3295 haec
995 3231 1104 3295 omnia

100 3313 411 3401 quasimonitudeae
448 3317 568 3400 geriae,
581 3338 644 3402 quo
654 3318 759 3416 magis
769 3315 1101 3400 barbariacciperent.

100 3398 600 3486 eodeniqueferocempopulum
610 3399 746 3486 redegit,
757 3409 802 3483 ut,
813 3396 1128 3499 quodvietiniuria4

102 3490 277 3569 occuparat
286 3483 466 3569 Mperium,
479 3483 638 3570 religione
648 3484 754 3571 adque
765 3484 889 3548 iustitia
895 3481 1101 3568 gubernaret.
