2266 3832
177 189 388 263 urs'ronmu
408 201 601 262 nouanau
618 203 660 277 n,
681 210 741 263 roc.
759 212 817 265 roo.
947 201 986 267 ta

49 370 114 415 men
136 354 307 415 absentium
324 356 416 427 colat,
440 354 646 430 praesentium
668 355 769 429 potius
785 372 869 416 arma
883 361 987 419 metuit

49 454 96 500 am
111 437 251 512 sequitur
264 438 374 507 lidem;
391 439 446 497 sed
462 453 521 512 ego
538 438 686 498 beneficio
702 454 739 498 ac
754 441 906 514 permissu
921 450 984 514 tuo,

49 538 131 593 esar,
153 537 233 596 quos
256 529 325 581 ante
339 521 515 593 audiebam,
540 521 632 581 hodie
650 522 712 581 vidi
728 523 819 593 deos,
848 540 905 583 nec
921 525 985 585 leli-

50 622 116 667 rem
132 606 225 664 ullum
240 606 320 665 vitae
341 619 428 663 meae
442 614 494 665 aut
508 606 612 679 optavi
633 612 685 664 aut
706 606 790 666 sensi
806 607 896 666 diem.
927 610 985 668 lm-

49 698 182 765 ratoquc
197 696 229 748 ul
244 705 366 748 manum
382 688 584 762 contingeret,
607 704 752 748 reversus
767 691 796 748 in
812 692 984 752 naviculam

49 774 143 833 eline
157 780 338 847 respectans
353 772 513 832 Caesarem
528 773 613 846 ripae
627 789 752 833 suorum
764 775 915 848 adpulsus
927 787 984 835 est.

49 865 107 918 ator
119 856 253 917 omnium
264 856 397 930 gentium
410 856 619 930 locorumque,
636 874 715 931 quos
729 857 847 918 adierat
860 858 981 933 Caesar,
997 874 1016 928 3

49 958 71 1001 n
85 941 229 1001 incolumi
250 940 458 1014 inviolatoque
479 948 508 999 et
528 942 623 998 semel
644 943 852 1002 tantummodo
873 959 983 1018 magna

49 1042 70 1083 n
86 1024 173 1084 clade
189 1023 321 1083 hostium
337 1023 445 1083 fraude
460 1039 566 1082 corum
587 1030 701 1083 tentato
716 1026 869 1098 exercitu,
891 1028 920 1085 in
938 1027 982 1085 bi-

49 1125 96 1168 ·na
112 1107 250 1181 legiones
270 1106 407 1179 reduxit,
430 1106 537 1165 eadem
561 1123 621 1180 qua
642 1108 745 1181 priore
761 1126 841 1169 ranno
858 1111 981 1171 festina·

49 1209 82 1253 ne
97 1192 202 1252 urbem
217 1199 335 1266 petens.

84 1275 186 1336 CVlll.
209 1275 286 1335 Nihil
302 1283 368 1335 erat
381 1276 439 1335 iam
455 1276 484 1334 in
494 1274 654 1334 Germania
671 1277 754 1350 quod
770 1277 848 1336 vinci
863 1287 981 1352 posset,
997 1291 1012 1341 l

49 1368 121 1421 teter
142 1368 261 1433 gentem
277 1360 579 1431 Marcomannorum,
602 1375 681 1433 quae
695 1358 887 1420 Maroboduo
903 1363 981 1420 dirce

49 1445 99 1505 rita
114 1444 240 1503 sedibus
257 1444 321 1503 suis
338 1452 430 1518 alque
445 1444 474 1502 in
490 1441 634 1502 interiora
654 1442 809 1516 refugiens
832 1444 980 1503 incinctos

49 1528 152 1605 reynia
174 1528 251 1586 silva
267 1544 395 1602 campos
416 1527 578 1587 incolebat.
611 1527 700 1586 Nulla
722 1527 873 1588 lestmatio
890 1528 1013 1595 buiuso

49 1612 55 1671 i
82 1612 266 1671 mentionem
293 1611 464 1686 transgredi
489 1611 589 1670 debet.
631 1610 841 1671 Maroboduus
868 1628 980 1686 genere

49 1696 124 1767 nilis,
140 1711 272 1770 corpore
287 1695 485 1770 praevalens,
502 1696 603 1754 animo
620 1695 723 1767 ferox,
745 1695 867 1754 natione
882 1698 979 1770 magis

49 1795 89 1838 am
105 1780 222 1839 ratione
237 1779 401 1850 barbarus,
424 1795 485 1838 non
509 1779 732 1838 tumultuarium
756 1795 855 1854 neque
875 1779 979 1839 lortui-

49 1881 59 1922 r
76 1878 176 1935 neque
189 1862 329 1921 mobilem
342 1871 423 1922 etex
437 1865 592 1922 voluntate
605 1862 775 1935 parentium
788 1872 979 1924 constantem

49 1963 75 2005 er
90 1961 165 2005 suos
182 1945 344 2019 occupavit
365 1947 582 2020 principatum,
605 1945 661 2003 sed
685 1952 798 2004 certum
820 1947 978 2021 imperium

49 2042 120 2102 ique
134 2026 249 2101 regiam
265 2029 446 2104 complexus
461 2028 562 2087 animo
578 2028 682 2087 statuit
696 2037 824 2088 avocata
839 2031 944 2103 procul
960 2046 980 2090 a

49 2111 143 2171 manis
158 2118 248 2185 gente
264 2127 320 2171 sua
336 2128 373 2172 eo
389 2112 548 2186 progredi,
564 2111 631 2183 ubi,
648 2127 714 2170 cum
732 2120 857 2186 propter
872 2120 978 2186 poton-

49 2212 74 2255 ·a
88 2211 172 2255 arma
184 2195 357 2268 refugisset,
374 2212 431 2255 sua
442 2197 555 2255 laceret
569 2194 790 2270 potentissima.
815 2195 979 2270 Occupatis
993 2210 1011 2262 3

50 2297 100 2352 ur,
124 2296 203 2354 quos
221 2280 446 2353 praediximus,
463 2279 540 2339 locis
555 2279 700 2339 finitimos
717 2278 816 2339 omnis
832 2289 882 2339 aut
897 2279 977 2339 bello

49 2365 115 2425 nuit
130 2370 181 2424 aut
197 2363 431 2424 condicionibus
451 2363 526 2424 iuris
543 2364 590 2423 sui
607 2363 693 2432 lecit;
717 2379 830 2438 corpus
853 2380 978 2423 suorum

49 2449 135 2509 todia
155 2451 300 2518 cincim-
326 2448 485 2522 imperium
512 2448 668 2523 perpetuis
697 2447 851 2507 exercitiis
881 2464 979 2523 paene

49 2533 207 2593 Romanae
223 2531 403 2606 disciplinae
426 2534 552 2593 lormam
574 2533 730 2592 redactum
753 2533 837 2592 brevi
859 2532 888 2591 in
905 2533 977 2592 emi-

48 2631 73 2676 rs
89 2623 119 2675 et
134 2625 239 2676 nostro
257 2631 382 2690 quoque
403 2616 531 2691 imperio
552 2617 718 2676 timendum
735 2617 877 2691 perduxit
893 2617 976 2675 lasti-

49 2715 76 2758 m
91 2701 279 2774 gerebatque
291 2714 326 2758 se
338 2701 380 2758 ita
391 2700 541 2758 adversus
553 2702 719 2773 Romanos,
736 2709 769 2759 ut
783 2717 884 2775 neque
895 2699 976 2760 bello

49 2802 52 2841 r
75 2788 244 2857 [lacesseret
255 2790 284 2843 et
297 2789 394 2842 tamen
414 2786 487 2842 satis
506 2785 684 2854 ostenderet,
704 2787 741 2854 sa]
765 2786 976 2854 lacesseretur,

49 2883 163 2928 reresse
178 2867 237 2928 sibi
251 2867 311 2926 vim
328 2882 364 2925 ac
381 2867 563 2926 voluntatem
579 2866 752 2924 resistendi.

77 2951 148 3011 ch.
181 2951 302 3025 Legati,
326 2967 406 3024 quos
430 2948 565 3009 mittebat
581 2950 620 3007 ad
639 2948 802 3018 Caesares,
826 2950 1006 3009 interduml

49 3036 212 3112 supplicem
224 3033 486 3105 commendabant,
502 3032 652 3091 interdum
668 3040 700 3092 ut
715 3048 771 3106 pro
788 3033 854 3106 pari
870 3033 976 3107 loque-

49 3127 118 3189 ttur3
146 3120 288 3194 gentibus
310 3118 547 3192 hominibusque
573 3132 592 3175 a
617 3116 706 3176 nobis
731 3116 975 3176 desciscentibus

49 3205 156 3279 tapud
172 3220 241 3264 eum
258 3204 446 3278 perfugium,
468 3208 613 3275 totusque
628 3216 667 3260 ex
689 3201 767 3259 male
783 3200 974 3261 dissimulato

49 3287 104 3349 bat
117 3288 278 3358 aemulum,
297 3287 536 3360 exercitumque,
554 3300 644 3359 quem
657 3283 851 3358 septuaginta
861 3283 974 3343 milium

49 3372 144 3444 litum,
172 3379 316 3447 quattuor
341 3370 475 3444 equitum
501 3370 629 3442 lecerat,
659 3368 797 3428 adsiduis
824 3369 973 3428 adversus

49 3456 135 3515 *imre
158 3456 246 3517 bellis
269 3454 442 3514 exercendo
466 3453 587 3525 maiori,
614 3468 703 3526 quam
726 3453 810 3527 quod
832 3450 972 3523 habebat,
