<?xml version="1.0" encoding="UTF-8"?>
<!DOCTYPE html PUBLIC "-//W3C//DTD XHTML 1.0 Transitional//EN"
    "http://www.w3.org/TR/xhtml1/DTD/xhtml1-transitional.dtd">
<html xmlns="http://www.w3.org/1999/xhtml" xml:lang="en" lang="en">
 <head>
  <title>
</title>
<meta http-equiv="Content-Type" content="text/html;charset=utf-8" />
  <meta name='ocr-system' content='tesseract 3.04.00' />
  <meta name='ocr-capabilities' content='ocr_page ocr_carea ocr_par ocr_line ocrx_word'/>
</head>
<body>
  <div class='ocr_page' id='page_1' title='image "./eutropiibreviar01crugoog_0398.png"; bbox 0 0 2266 3832; ppageno 0'>
   <div class='ocr_carea' id='block_1_1' title="bbox 268 192 1045 269">
    <p class='ocr_par' dir='ltr' id='par_1_1' title="bbox 268 192 1045 269">
     <span class='ocr_line' id='line_1_1' title="bbox 268 192 1045 269; baseline 0.004 -14"><span class='ocrx_word' id='word_1_1' title='bbox 268 192 477 255; x_wconf 85' lang='lat' dir='ltr'>msronmn</span> <span class='ocrx_word' id='word_1_2' title='bbox 498 192 690 253; x_wconf 76' lang='lat' dir='ltr'>nonaum</span> <span class='ocrx_word' id='word_1_3' title='bbox 712 194 753 269; x_wconf 91' lang='lat'>11,</span> <span class='ocrx_word' id='word_1_4' title='bbox 777 202 836 257; x_wconf 82' lang='lat' dir='ltr'>no.</span> <span class='ocrx_word' id='word_1_5' title='bbox 1003 194 1045 258; x_wconf 81' lang='lat' dir='ltr'>ea</span> 
     </span>
    </p>
   </div>
   <div class='ocr_carea' id='block_1_2' title="bbox 59 344 1074 3519">
    <p class='ocr_par' dir='ltr' id='par_1_2' title="bbox 59 344 1074 1329">
     <span class='ocr_line' id='line_1_2' title="bbox 60 344 1044 421; baseline 0.002 -14"><span class='ocrx_word' id='word_1_6' title='bbox 60 345 192 421; x_wconf 86' lang='lat' dir='ltr'>originis</span> <span class='ocrx_word' id='word_1_7' title='bbox 216 364 318 421; x_wconf 84' lang='lat' dir='ltr'>usque</span> <span class='ocrx_word' id='word_1_8' title='bbox 340 347 382 407; x_wconf 90' lang='lat' dir='ltr'>ad</span> <span class='ocrx_word' id='word_1_9' title='bbox 398 353 523 408; x_wconf 86' lang='lat' dir='ltr'>sextum</span> <span class='ocrx_word' id='word_1_10' title='bbox 545 347 738 407; x_wconf 88' lang='lat' dir='ltr'>consulatum</span> <span class='ocrx_word' id='word_1_11' title='bbox 765 344 832 407; x_wconf 90' lang='lat' dir='ltr'>sine</span> <span class='ocrx_word' id='word_1_12' title='bbox 854 345 1044 409; x_wconf 81' lang='lat' dir='ltr'>dubitatione</span> 
     </span>
     <span class='ocr_line' id='line_1_3' title="bbox 62 428 1045 506; baseline -0.002 -13"><span class='ocrx_word' id='word_1_13' title='bbox 62 431 194 493; x_wconf 86' lang='lat' dir='ltr'>Romani</span> <span class='ocrx_word' id='word_1_14' title='bbox 208 430 339 491; x_wconf 88' lang='lat' dir='ltr'>nominis</span> <span class='ocrx_word' id='word_1_15' title='bbox 353 430 489 491; x_wconf 83' lang='lat' dir='ltr'>habuere</span> <span class='ocrx_word' id='word_1_16' title='bbox 503 430 687 506; x_wconf 90' lang='lat' dir='ltr'>principem,</span> <span class='ocrx_word' id='word_1_17' title='bbox 703 438 733 490; x_wconf 91' lang='lat' dir='ltr'>et</span> <span class='ocrx_word' id='word_1_18' title='bbox 748 428 801 504; x_wconf 85' lang='lat' dir='ltr'>qui</span> <span class='ocrx_word' id='word_1_19' title='bbox 814 430 855 489; x_wconf 90' lang='lat' dir='ltr'>M.</span> <span class='ocrx_word' id='word_1_20' title='bbox 867 430 964 491; x_wconf 90' lang='lat' dir='ltr'>Tullio</span> <span class='ocrx_word' id='word_1_21' title='bbox 979 440 1045 492; x_wconf 91' lang='lat' dir='ltr'>tan·</span> 
     </span>
     <span class='ocr_line' id='line_1_4' title="bbox 61 512 1045 589; baseline 0.001 -13"><span class='ocrx_word' id='word_1_22' title='bbox 61 523 127 576; x_wconf 90' lang='lat' dir='ltr'>tum</span> <span class='ocrx_word' id='word_1_23' title='bbox 147 513 296 588; x_wconf 92' lang='lat' dir='ltr'>tribuere,</span> <span class='ocrx_word' id='word_1_24' title='bbox 324 521 357 574; x_wconf 94' lang='lat' dir='ltr'>ut</span> <span class='ocrx_word' id='word_1_25' title='bbox 377 529 478 589; x_wconf 89' lang='lat' dir='ltr'>paene</span> <span class='ocrx_word' id='word_1_26' title='bbox 501 512 715 574; x_wconf 72' lang='lat' dir='ltr'>adsentatione</span> <span class='ocrx_word' id='word_1_27' title='bbox 737 529 794 574; x_wconf 92' lang='lat' dir='ltr'>sua</span> <span class='ocrx_word' id='word_1_28' title='bbox 819 513 930 588; x_wconf 90' lang='lat' dir='ltr'>quibus</span> <span class='ocrx_word' id='word_1_29' title='bbox 953 516 1045 577; x_wconf 91' lang='lat' dir='ltr'>vellet</span> 
     </span>
     <span class='ocr_line' id='line_1_5' title="bbox 61 596 1044 673; baseline 0.002 -16"><span class='ocrx_word' id='word_1_30' title='bbox 61 596 253 673; x_wconf 75' lang='lat' dir='ltr'>principatus</span> <span class='ocrx_word' id='word_1_31' title='bbox 274 597 467 671; x_wconf 84' lang='lat' dir='ltr'>conciliaret,</span> <span class='ocrx_word' id='word_1_32' title='bbox 491 597 605 672; x_wconf 87' lang='lat' dir='ltr'>quique</span> <span class='ocrx_word' id='word_1_33' title='bbox 627 597 702 656; x_wconf 91' lang='lat' dir='ltr'>nihil</span> <span class='ocrx_word' id='word_1_34' title='bbox 716 596 826 657; x_wconf 83' lang='lat' dir='ltr'>Asinio</span> <span class='ocrx_word' id='word_1_35' title='bbox 840 596 970 658; x_wconf 90' lang='lat' dir='ltr'>Pollioni</span> <span class='ocrx_word' id='word_1_36' title='bbox 991 615 1044 659; x_wconf 93' lang='lat' dir='ltr'>ne-</span> 
     </span>
     <span class='ocr_line' id='line_1_6' title="bbox 61 679 1044 757; baseline 0.002 -16"><span class='ocrx_word' id='word_1_37' title='bbox 61 689 226 757; x_wconf 75' lang='lat' dir='ltr'>gaverunt,</span> <span class='ocrx_word' id='word_1_38' title='bbox 249 681 332 757; x_wconf 89' lang='lat' dir='ltr'>quod</span> <span class='ocrx_word' id='word_1_39' title='bbox 348 679 546 742; x_wconf 86' lang='lat' dir='ltr'>nobilissimis</span> <span class='ocrx_word' id='word_1_40' title='bbox 568 698 686 742; x_wconf 91' lang='lat' dir='ltr'>summo</span> <span class='ocrx_word' id='word_1_41' title='bbox 707 696 776 741; x_wconf 93' lang='lat' dir='ltr'>cum</span> <span class='ocrx_word' id='word_1_42' title='bbox 797 682 913 742; x_wconf 89' lang='lat' dir='ltr'>sudore</span> <span class='ocrx_word' id='word_1_43' title='bbox 933 698 1044 744; x_wconf 91' lang='lat' dir='ltr'>conse-</span> 
     </span>
     <span class='ocr_line' id='line_1_7' title="bbox 62 764 1043 841; baseline 0.001 -16"><span class='ocrx_word' id='word_1_44' title='bbox 62 766 219 841; x_wconf 84' lang='lat' dir='ltr'>quendum</span> <span class='ocrx_word' id='word_1_45' title='bbox 233 766 327 838; x_wconf 81' lang='lat' dir='ltr'>toret,</span> <span class='ocrx_word' id='word_1_46' title='bbox 352 766 490 839; x_wconf 89' lang='lat' dir='ltr'>prolecto</span> <span class='ocrx_word' id='word_1_47' title='bbox 511 765 570 826; x_wconf 91' lang='lat' dir='ltr'>hoc</span> <span class='ocrx_word' id='word_1_48' title='bbox 585 772 763 840; x_wconf 89' lang='lat' dir='ltr'>senserunt,</span> <span class='ocrx_word' id='word_1_49' title='bbox 784 764 814 823; x_wconf 92' lang='lat' dir='ltr'>in</span> <span class='ocrx_word' id='word_1_50' title='bbox 830 765 1043 841; x_wconf 90' lang='lat' dir='ltr'>cuiuscunque</span> 
     </span>
     <span class='ocr_line' id='line_1_8' title="bbox 59 846 1074 924; baseline 0.002 -15"><span class='ocrx_word' id='word_1_51' title='bbox 59 846 165 910; x_wconf 88' lang='lat' dir='ltr'>animo</span> <span class='ocrx_word' id='word_1_52' title='bbox 181 849 277 910; x_wconf 87' lang='lat' dir='ltr'>virtus</span> <span class='ocrx_word' id='word_1_53' title='bbox 292 847 417 920; x_wconf 87' lang='lat' dir='ltr'>inesset,</span> <span class='ocrx_word' id='word_1_54' title='bbox 433 848 462 908; x_wconf 92' lang='lat' dir='ltr'>ei</span> <span class='ocrx_word' id='word_1_55' title='bbox 474 848 635 924; x_wconf 90' lang='lat' dir='ltr'>plurimum</span> <span class='ocrx_word' id='word_1_56' title='bbox 648 864 719 909; x_wconf 89' lang='lat' dir='ltr'>esse</span> <span class='ocrx_word' id='word_1_57' title='bbox 734 848 936 910; x_wconf 89' lang='lat' dir='ltr'>tribuendum.</span> <span class='ocrx_word' id='word_1_58' title='bbox 958 849 1043 911; x_wconf 92' lang='lat' dir='ltr'>llaec</span> <span class='ocrx_word' id='word_1_59' title='bbox 1056 855 1074 910; x_wconf 83' lang='grc'>3</span> 
     </span>
     <span class='ocr_line' id='line_1_9' title="bbox 62 931 1042 1008; baseline 0.001 -15"><span class='ocrx_word' id='word_1_60' title='bbox 62 932 209 994; x_wconf 86' lang='lat' dir='ltr'>naturalis</span> <span class='ocrx_word' id='word_1_61' title='bbox 222 931 356 1008; x_wconf 89' lang='lat' dir='ltr'>exempli</span> <span class='ocrx_word' id='word_1_62' title='bbox 378 931 502 994; x_wconf 87' lang='lat' dir='ltr'>imitatio</span> <span class='ocrx_word' id='word_1_63' title='bbox 518 932 558 991; x_wconf 89' lang='lat' dir='ltr'>ad</span> <span class='ocrx_word' id='word_1_64' title='bbox 573 931 795 1008; x_wconf 91' lang='lat' dir='ltr'>experiendum</span> <span class='ocrx_word' id='word_1_65' title='bbox 811 933 954 994; x_wconf 89' lang='lat' dir='ltr'>Seianum</span> <span class='ocrx_word' id='word_1_66' title='bbox 969 934 1042 994; x_wconf 83' lang='lat' dir='ltr'>Cae-</span> 
     </span>
     <span class='ocr_line' id='line_1_10' title="bbox 63 1014 1042 1093; baseline 0 -16"><span class='ocrx_word' id='word_1_67' title='bbox 63 1032 180 1091; x_wconf 83' lang='lat' dir='ltr'>sarem,</span> <span class='ocrx_word' id='word_1_68' title='bbox 203 1018 242 1076; x_wconf 94' lang='lat' dir='ltr'>ad</span> <span class='ocrx_word' id='word_1_69' title='bbox 259 1015 393 1076; x_wconf 88' lang='lat' dir='ltr'>iuvanda</span> <span class='ocrx_word' id='word_1_70' title='bbox 408 1032 482 1076; x_wconf 89' lang='lat' dir='ltr'>vero</span> <span class='ocrx_word' id='word_1_71' title='bbox 501 1031 596 1076; x_wconf 90' lang='lat' dir='ltr'>onera</span> <span class='ocrx_word' id='word_1_72' title='bbox 610 1015 759 1090; x_wconf 87' lang='lat' dir='ltr'>principis</span> <span class='ocrx_word' id='word_1_73' title='bbox 778 1014 921 1077; x_wconf 91' lang='lat' dir='ltr'>Seianum</span> <span class='ocrx_word' id='word_1_74' title='bbox 937 1026 1042 1093; x_wconf 90' lang='lat' dir='ltr'>protu-</span> 
     </span>
     <span class='ocr_line' id='line_1_11' title="bbox 62 1100 1043 1176; baseline 0.004 -17"><span class='ocrx_word' id='word_1_75' title='bbox 62 1100 111 1175; x_wconf 89' lang='lat' dir='ltr'>lit,</span> <span class='ocrx_word' id='word_1_76' title='bbox 137 1108 339 1176; x_wconf 85' lang='lat' dir='ltr'>senatumque</span> <span class='ocrx_word' id='word_1_77' title='bbox 360 1108 391 1160; x_wconf 92' lang='lat' dir='ltr'>et</span> <span class='ocrx_word' id='word_1_78' title='bbox 412 1102 561 1175; x_wconf 92' lang='lat' dir='ltr'>populum</span> <span class='ocrx_word' id='word_1_79' title='bbox 575 1101 747 1160; x_wconf 91' lang='lat' dir='ltr'>Romanum</span> <span class='ocrx_word' id='word_1_80' title='bbox 764 1117 802 1160; x_wconf 92' lang='lat' dir='ltr'>co</span> <span class='ocrx_word' id='word_1_81' title='bbox 823 1100 982 1175; x_wconf 92' lang='lat' dir='ltr'>perduxit,</span> <span class='ocrx_word' id='word_1_82' title='bbox 1009 1109 1043 1163; x_wconf 84' lang='lat' dir='ltr'>ut</span> 
     </span>
     <span class='ocr_line' id='line_1_12' title="bbox 63 1181 1041 1259; baseline 0 -14"><span class='ocrx_word' id='word_1_83' title='bbox 63 1184 148 1259; x_wconf 85' lang='lat' dir='ltr'>quod</span> <span class='ocrx_word' id='word_1_84' title='bbox 168 1202 228 1245; x_wconf 92' lang='lat' dir='ltr'>usu</span> <span class='ocrx_word' id='word_1_85' title='bbox 249 1183 396 1259; x_wconf 88' lang='lat' dir='ltr'>optimum</span> <span class='ocrx_word' id='word_1_86' title='bbox 421 1182 580 1257; x_wconf 82' lang='lat' dir='ltr'>intellegit,</span> <span class='ocrx_word' id='word_1_87' title='bbox 607 1182 638 1241; x_wconf 93' lang='lat' dir='ltr'>id</span> <span class='ocrx_word' id='word_1_88' title='bbox 663 1181 694 1241; x_wconf 93' lang='lat' dir='ltr'>in</span> <span class='ocrx_word' id='word_1_89' title='bbox 719 1184 843 1242; x_wconf 88' lang='lat' dir='ltr'>tutelam</span> <span class='ocrx_word' id='word_1_90' title='bbox 869 1183 1041 1245; x_wconf 84' lang='lat' dir='ltr'>securitatis</span> 
     </span>
     <span class='ocr_line' id='line_1_13' title="bbox 62 1267 439 1329; baseline -0.013 0"><span class='ocrx_word' id='word_1_91' title='bbox 62 1284 138 1329; x_wconf 83' lang='lat' dir='ltr'>suae</span> <span class='ocrx_word' id='word_1_92' title='bbox 153 1267 282 1328; x_wconf 87' lang='lat' dir='ltr'>libenter</span> <span class='ocrx_word' id='word_1_93' title='bbox 297 1268 439 1328; x_wconf 87' lang='lat' dir='ltr'>advocet.</span> 
     </span>
    </p>

    <p class='ocr_par' dir='ltr' id='par_1_3' title="bbox 59 1348 1074 3519">
     <span class='ocr_line' id='line_1_14' title="bbox 146 1348 1072 1427; baseline 0.001 -15"><span class='ocrx_word' id='word_1_94' title='bbox 146 1351 273 1412; x_wconf 88' lang='lat' dir='ltr'><strong>CXXIX.</strong></span> <span class='ocrx_word' id='word_1_95' title='bbox 311 1351 374 1411; x_wconf 90' lang='lat' dir='ltr'>Sed</span> <span class='ocrx_word' id='word_1_96' title='bbox 390 1349 551 1426; x_wconf 86' lang='lat' dir='ltr'>proposita</span> <span class='ocrx_word' id='word_1_97' title='bbox 572 1351 661 1426; x_wconf 87' lang='lat' dir='ltr'>quasi</span> <span class='ocrx_word' id='word_1_98' title='bbox 683 1348 828 1410; x_wconf 82' lang='lat' dir='ltr'>universa</span> <span class='ocrx_word' id='word_1_99' title='bbox 851 1351 1072 1427; x_wconf 88' lang='lat' dir='ltr'>principetnsl</span> 
     </span>
     <span class='ocr_line' id='line_1_15' title="bbox 59 1433 1041 1510; baseline 0 -15"><span class='ocrx_word' id='word_1_100' title='bbox 59 1434 105 1495; x_wconf 86' lang='lat' dir='ltr'>Ti.</span> <span class='ocrx_word' id='word_1_101' title='bbox 120 1434 261 1496; x_wconf 86' lang='lat' dir='ltr'>Caesaris</span> <span class='ocrx_word' id='word_1_102' title='bbox 280 1435 384 1508; x_wconf 77' lang='lat' dir='ltr'>forma</span> <span class='ocrx_word' id='word_1_103' title='bbox 405 1433 525 1509; x_wconf 92' lang='lat' dir='ltr'>singula</span> <span class='ocrx_word' id='word_1_104' title='bbox 547 1449 775 1494; x_wconf 82' lang='lat' dir='ltr'>recenseamus</span> <span class='ocrx_word' id='word_1_105' title='bbox 810 1434 876 1508; x_wconf 84' lang='lat' dir='ltr'>Qua</span> <span class='ocrx_word' id='word_1_106' title='bbox 895 1434 946 1495; x_wconf 90' lang='lat' dir='ltr'>ille</span> <span class='ocrx_word' id='word_1_107' title='bbox 969 1452 1041 1510; x_wconf 90' lang='lat' dir='ltr'>pru-</span> 
     </span>
     <span class='ocr_line' id='line_1_16' title="bbox 60 1517 1041 1597; baseline 0.001 -18"><span class='ocrx_word' id='word_1_108' title='bbox 60 1517 165 1579; x_wconf 88' lang='lat' dir='ltr'>dentia</span> <span class='ocrx_word' id='word_1_109' title='bbox 179 1518 415 1593; x_wconf 87' lang='lat' dir='ltr'>Rhascupolim,</span> <span class='ocrx_word' id='word_1_110' title='bbox 436 1517 682 1593; x_wconf 90' lang='lat' dir='ltr'>interemptorem</span> <span class='ocrx_word' id='word_1_111' title='bbox 697 1517 798 1578; x_wconf 85' lang='lat' dir='ltr'>fratris</span> <span class='ocrx_word' id='word_1_112' title='bbox 814 1518 862 1579; x_wconf 92' lang='lat' dir='ltr'>sui</span> <span class='ocrx_word' id='word_1_113' title='bbox 877 1518 920 1578; x_wconf 86' lang='lat' dir='ltr'>srli</span> <span class='ocrx_word' id='word_1_114' title='bbox 935 1518 1041 1597; x_wconf 77' lang='lat' dir='ltr'>Cotyis</span> 
     </span>
     <span class='ocr_line' id='line_1_17' title="bbox 61 1600 1041 1678; baseline 0 -15"><span class='ocrx_word' id='word_1_115' title='bbox 61 1600 279 1677; x_wconf 88' lang='lat' dir='ltr'>consortisque</span> <span class='ocrx_word' id='word_1_116' title='bbox 300 1601 438 1662; x_wconf 91' lang='lat' dir='ltr'>eiusdem</span> <span class='ocrx_word' id='word_1_117' title='bbox 458 1600 581 1677; x_wconf 89' lang='lat' dir='ltr'>imperi,</span> <span class='ocrx_word' id='word_1_118' title='bbox 605 1602 731 1662; x_wconf 86' lang='lat' dir='ltr'>Romam</span> <span class='ocrx_word' id='word_1_119' title='bbox 751 1601 914 1662; x_wconf 70' lang='lat' dir='ltr'>evocavit?</span> <span class='ocrx_word' id='word_1_120' title='bbox 937 1602 1041 1678; x_wconf 89' lang='lat' dir='ltr'>singu·</span> 
     </span>
     <span class='ocr_line' id='line_1_18' title="bbox 61 1684 1041 1761; baseline 0.002 -15"><span class='ocrx_word' id='word_1_121' title='bbox 61 1684 118 1747; x_wconf 88' lang='lat' dir='ltr'>lari</span> <span class='ocrx_word' id='word_1_122' title='bbox 132 1685 163 1745; x_wconf 94' lang='lat' dir='ltr'>in</span> <span class='ocrx_word' id='word_1_123' title='bbox 178 1702 216 1747; x_wconf 89' lang='lat' dir='ltr'>eo</span> <span class='ocrx_word' id='word_1_124' title='bbox 231 1685 353 1761; x_wconf 88' lang='lat' dir='ltr'>negotio</span> <span class='ocrx_word' id='word_1_125' title='bbox 370 1703 445 1746; x_wconf 92' lang='lat' dir='ltr'>usus</span> <span class='ocrx_word' id='word_1_126' title='bbox 462 1701 558 1760; x_wconf 91' lang='lat' dir='ltr'>opera</span> <span class='ocrx_word' id='word_1_127' title='bbox 571 1685 672 1745; x_wconf 88' lang='lat' dir='ltr'>Flacci</span> <span class='ocrx_word' id='word_1_128' title='bbox 686 1684 850 1761; x_wconf 90' lang='lat' dir='ltr'>Pomponi,</span> <span class='ocrx_word' id='word_1_129' title='bbox 870 1687 1041 1748; x_wconf 88' lang='lat' dir='ltr'>consularis</span> 
     </span>
     <span class='ocr_line' id='line_1_19' title="bbox 62 1768 1041 1846; baseline 0 -17"><span class='ocrx_word' id='word_1_130' title='bbox 62 1768 129 1843; x_wconf 88' lang='lat' dir='ltr'>viri,</span> <span class='ocrx_word' id='word_1_131' title='bbox 145 1770 206 1829; x_wconf 89' lang='lat' dir='ltr'>nati</span> <span class='ocrx_word' id='word_1_132' title='bbox 221 1768 385 1843; x_wconf 87' lang='lat' dir='ltr'>adomnia,</span> <span class='ocrx_word' id='word_1_133' title='bbox 402 1777 578 1844; x_wconf 76' lang='lat' dir='ltr'>quaerente</span> <span class='ocrx_word' id='word_1_134' title='bbox 593 1769 732 1830; x_wconf 84' lang='lat' dir='ltr'>facienda</span> <span class='ocrx_word' id='word_1_135' title='bbox 747 1778 832 1843; x_wconf 93' lang='lat' dir='ltr'>sunt,</span> <span class='ocrx_word' id='word_1_136' title='bbox 848 1769 1041 1846; x_wconf 87' lang='lat' dir='ltr'>simplicique</span> 
     </span>
     <span class='ocr_line' id='line_1_20' title="bbox 62 1852 1040 1929; baseline -0.001 -16"><span class='ocrx_word' id='word_1_137' title='bbox 62 1853 173 1915; x_wconf 90' lang='lat' dir='ltr'>virtute</span> <span class='ocrx_word' id='word_1_138' title='bbox 200 1852 345 1913; x_wconf 88' lang='lat' dir='ltr'>merentis</span> <span class='ocrx_word' id='word_1_139' title='bbox 373 1869 509 1928; x_wconf 88' lang='lat' dir='ltr'>semper,</span> <span class='ocrx_word' id='word_1_140' title='bbox 540 1870 696 1928; x_wconf 90' lang='lat' dir='ltr'>nunquam</span> <span class='ocrx_word' id='word_1_141' title='bbox 725 1853 877 1929; x_wconf 88' lang='lat' dir='ltr'>captantis</span> <span class='ocrx_word' id='word_1_142' title='bbox 903 1853 1040 1928; x_wconf 89' lang='lat' dir='ltr'>gloriam.</span> 
     </span>
     <span class='ocr_line' id='line_1_21' title="bbox 59 1936 1072 2013; baseline 0 -14"><span class='ocrx_word' id='word_1_143' title='bbox 59 1937 138 1999; x_wconf 78' lang='lat' dir='ltr'>Cum</span> <span class='ocrx_word' id='word_1_144' title='bbox 158 1946 272 2013; x_wconf 91' lang='lat' dir='ltr'>quanta</span> <span class='ocrx_word' id='word_1_145' title='bbox 292 1936 439 2012; x_wconf 88' lang='lat' dir='ltr'>gravitate</span> <span class='ocrx_word' id='word_1_146' title='bbox 459 1944 493 1997; x_wconf 92' lang='lat' dir='ltr'>ut</span> <span class='ocrx_word' id='word_1_147' title='bbox 508 1944 631 1997; x_wconf 89' lang='lat' dir='ltr'>senator</span> <span class='ocrx_word' id='word_1_148' title='bbox 646 1946 676 1997; x_wconf 92' lang='lat' dir='ltr'>et</span> <span class='ocrx_word' id='word_1_149' title='bbox 696 1936 805 2007; x_wconf 92' lang='lat' dir='ltr'>iudex,</span> <span class='ocrx_word' id='word_1_150' title='bbox 827 1954 888 1996; x_wconf 90' lang='lat' dir='ltr'>non</span> <span class='ocrx_word' id='word_1_151' title='bbox 910 1945 942 1996; x_wconf 92' lang='lat' dir='ltr'>ut</span> <span class='ocrx_word' id='word_1_152' title='bbox 960 1938 1072 2011; x_wconf 74' lang='lat' dir='ltr'>prin-2</span> 
     </span>
     <span class='ocr_line' id='line_1_22' title="bbox 60 2021 1039 2099; baseline -0.001 -18"><span class='ocrx_word' id='word_1_153' title='bbox 60 2036 154 2097; x_wconf 75' lang='lat' dir='ltr'>cepe,</span> <span class='ocrx_word' id='word_1_154' title='bbox 176 2026 216 2095; x_wconf 83' lang='lat' dir='ltr'>[el</span> <span class='ocrx_word' id='word_1_155' title='bbox 235 2023 375 2081; x_wconf 81' lang='lat' dir='ltr'>derebus</span> <span class='ocrx_word' id='word_1_156' title='bbox 392 2021 680 2096; x_wconf 65' lang='lat' dir='ltr'>pallebisscpienter</span> <span class='ocrx_word' id='word_1_157' title='bbox 700 2022 855 2099; x_wconf 84' lang='lat' dir='ltr'>consultat]</span> <span class='ocrx_word' id='word_1_158' title='bbox 877 2027 906 2080; x_wconf 92' lang='lat' dir='ltr'>et</span> <span class='ocrx_word' id='word_1_159' title='bbox 927 2036 1039 2080; x_wconf 89' lang='lat' dir='ltr'>causas</span> 
     </span>
     <span class='ocr_line' id='line_1_23' title="bbox 61 2102 1039 2181; baseline -0.003 -16"><span class='ocrx_word' id='word_1_160' title='bbox 61 2103 201 2181; x_wconf 89' lang='lat' dir='ltr'>pressius</span> <span class='ocrx_word' id='word_1_161' title='bbox 216 2103 321 2165; x_wconf 72' lang='lat' dir='ltr'>audit?</span> <span class='ocrx_word' id='word_1_162' title='bbox 342 2103 436 2178; x_wconf 83' lang='lat' dir='ltr'>Quam</span> <span class='ocrx_word' id='word_1_163' title='bbox 452 2104 591 2164; x_wconf 90' lang='lat' dir='ltr'>celeriter</span> <span class='ocrx_word' id='word_1_164' title='bbox 604 2102 754 2179; x_wconf 89' lang='lat' dir='ltr'>ingratum</span> <span class='ocrx_word' id='word_1_165' title='bbox 769 2112 799 2164; x_wconf 92' lang='lat' dir='ltr'>et</span> <span class='ocrx_word' id='word_1_166' title='bbox 819 2120 900 2163; x_wconf 91' lang='lat' dir='ltr'>nova</span> <span class='ocrx_word' id='word_1_167' title='bbox 914 2103 1039 2164; x_wconf 91' lang='lat' dir='ltr'>molien-</span> 
     </span>
     <span class='ocr_line' id='line_1_24' title="bbox 61 2186 1039 2267; baseline -0.006 -16"><span class='ocrx_word' id='word_1_168' title='bbox 61 2198 123 2251; x_wconf 87' lang='lat' dir='ltr'>tem</span> <span class='ocrx_word' id='word_1_169' title='bbox 144 2188 285 2267; x_wconf 76' lang='lat' dir='ltr'>[Dmsum</span> <span class='ocrx_word' id='word_1_170' title='bbox 299 2189 447 2265; x_wconf 78' lang='lat' dir='ltr'>Libonem]</span> <span class='ocrx_word' id='word_1_171' title='bbox 464 2187 642 2263; x_wconf 62' lang='lat' dir='ltr'>oppressit?</span> <span class='ocrx_word' id='word_1_172' title='bbox 662 2188 777 2261; x_wconf 79' lang='lat' dir='ltr'>Quibus</span> <span class='ocrx_word' id='word_1_173' title='bbox 800 2186 973 2262; x_wconf 87' lang='lat' dir='ltr'>praeceptis</span> <span class='ocrx_word' id='word_1_174' title='bbox 994 2186 1039 2245; x_wconf 91' lang='lat' dir='ltr'>in-</span> 
     </span>
     <span class='ocr_line' id='line_1_25' title="bbox 61 2269 1040 2343; baseline -0.007 -8"><span class='ocrx_word' id='word_1_175' title='bbox 61 2279 208 2335; x_wconf 87' lang='lat' dir='ltr'>structum</span> <span class='ocrx_word' id='word_1_176' title='bbox 225 2270 436 2332; x_wconf 89' lang='lat' dir='ltr'>Germanicum</span> <span class='ocrx_word' id='word_1_177' title='bbox 454 2288 543 2332; x_wconf 89' lang='lat' dir='ltr'>suum</span> <span class='ocrx_word' id='word_1_178' title='bbox 560 2271 768 2343; x_wconf 86' lang='lat' dir='ltr'>imbutumque</span> <span class='ocrx_word' id='word_1_179' title='bbox 788 2270 968 2330; x_wconf 85' lang='lat' dir='ltr'>rudimentis</span> <span class='ocrx_word' id='word_1_180' title='bbox 985 2269 1040 2329; x_wconf 88' lang='lat' dir='ltr'>rni-</span> 
     </span>
     <span class='ocr_line' id='line_1_26' title="bbox 61 2353 1039 2430; baseline 0 -15"><span class='ocrx_word' id='word_1_181' title='bbox 61 2356 144 2417; x_wconf 89' lang='lat' dir='ltr'>litiae</span> <span class='ocrx_word' id='word_1_182' title='bbox 161 2372 266 2416; x_wconf 87' lang='lat' dir='ltr'>secum</span> <span class='ocrx_word' id='word_1_183' title='bbox 280 2363 368 2415; x_wconf 85' lang='lat' dir='ltr'>actae</span> <span class='ocrx_word' id='word_1_184' title='bbox 384 2354 566 2417; x_wconf 90' lang='lat' dir='ltr'>domitorem</span> <span class='ocrx_word' id='word_1_185' title='bbox 580 2353 697 2430; x_wconf 88' lang='lat' dir='ltr'>recepit</span> <span class='ocrx_word' id='word_1_186' title='bbox 708 2353 909 2415; x_wconf 70' lang='lat' dir='ltr'>Germaniae?</span> <span class='ocrx_word' id='word_1_187' title='bbox 923 2353 1039 2427; x_wconf 84' lang='lat' dir='ltr'>Quibus</span> 
     </span>
     <span class='ocr_line' id='line_1_27' title="bbox 61 2437 1041 2514; baseline -0.002 -15"><span class='ocrx_word' id='word_1_188' title='bbox 61 2440 214 2500; x_wconf 90' lang='lat' dir='ltr'>iuventam</span> <span class='ocrx_word' id='word_1_189' title='bbox 228 2437 295 2499; x_wconf 90' lang='lat' dir='ltr'>cius</span> <span class='ocrx_word' id='word_1_190' title='bbox 314 2438 512 2514; x_wconf 81' lang='lat' dir='ltr'>exaggeravit</span> <span class='ocrx_word' id='word_1_191' title='bbox 530 2438 715 2512; x_wconf 91' lang='lat' dir='ltr'>honoribus,</span> <span class='ocrx_word' id='word_1_192' title='bbox 735 2438 943 2513; x_wconf 88' lang='lat' dir='ltr'>respondente</span> <span class='ocrx_word' id='word_1_193' title='bbox 959 2438 1041 2497; x_wconf 88' lang='lat' dir='ltr'>crdtu</span> 
     </span>
     <span class='ocr_line' id='line_1_28' title="bbox 61 2521 1072 2599; baseline -0.004 -14"><span class='ocrx_word' id='word_1_194' title='bbox 61 2522 205 2598; x_wconf 84' lang='lat' dir='ltr'>triumphi</span> <span class='ocrx_word' id='word_1_195' title='bbox 226 2540 343 2595; x_wconf 90' lang='lat' dir='ltr'>rerum,</span> <span class='ocrx_word' id='word_1_196' title='bbox 371 2540 448 2597; x_wconf 85' lang='lat' dir='ltr'>quas</span> <span class='ocrx_word' id='word_1_197' title='bbox 469 2532 623 2598; x_wconf 88' lang='lat' dir='ltr'>gesserat,</span> <span class='ocrx_word' id='word_1_198' title='bbox 645 2521 867 2599; x_wconf 72' lang='lat' dir='ltr'>magnitudini?</span> <span class='ocrx_word' id='word_1_199' title='bbox 895 2521 1072 2596; x_wconf 69' lang='lat' dir='ltr'>Quotiensll</span> 
     </span>
     <span class='ocr_line' id='line_1_29' title="bbox 61 2604 1040 2683; baseline -0.003 -16"><span class='ocrx_word' id='word_1_200' title='bbox 61 2607 212 2683; x_wconf 91' lang='lat' dir='ltr'>populum</span> <span class='ocrx_word' id='word_1_201' title='bbox 237 2604 403 2680; x_wconf 90' lang='lat' dir='ltr'>congiariis</span> <span class='ocrx_word' id='word_1_202' title='bbox 431 2607 607 2680; x_wconf 89' lang='lat' dir='ltr'>honoravit,</span> <span class='ocrx_word' id='word_1_203' title='bbox 638 2614 877 2681; x_wconf 83' lang='lat' dir='ltr'>senatorumque</span> <span class='ocrx_word' id='word_1_204' title='bbox 902 2622 1040 2679; x_wconf 90' lang='lat' dir='ltr'>censum,</span> 
     </span>
     <span class='ocr_line' id='line_1_30' title="bbox 59 2689 1041 2766; baseline -0.006 -13"><span class='ocrx_word' id='word_1_205' title='bbox 59 2706 131 2753; x_wconf 88' lang='lat' dir='ltr'>eum</span> <span class='ocrx_word' id='word_1_206' title='bbox 151 2689 183 2750; x_wconf 93' lang='lat' dir='ltr'>id</span> <span class='ocrx_word' id='word_1_207' title='bbox 199 2697 308 2751; x_wconf 92' lang='lat' dir='ltr'>senatu</span> <span class='ocrx_word' id='word_1_208' title='bbox 328 2698 453 2750; x_wconf 89' lang='lat' dir='ltr'>auctore</span> <span class='ocrx_word' id='word_1_209' title='bbox 470 2692 570 2750; x_wconf 88' lang='lat' dir='ltr'>lacere</span> <span class='ocrx_word' id='word_1_210' title='bbox 592 2690 705 2766; x_wconf 89' lang='lat' dir='ltr'>potuit,</span> <span class='ocrx_word' id='word_1_211' title='bbox 728 2707 819 2766; x_wconf 89' lang='lat' dir='ltr'>quam</span> <span class='ocrx_word' id='word_1_212' title='bbox 839 2689 967 2750; x_wconf 90' lang='lat' dir='ltr'>libenter</span> <span class='ocrx_word' id='word_1_213' title='bbox 988 2705 1041 2749; x_wconf 91' lang='lat' dir='ltr'>ex·</span> 
     </span>
     <span class='ocr_line' id='line_1_31' title="bbox 60 2772 1041 2851; baseline -0.002 -18"><span class='ocrx_word' id='word_1_214' title='bbox 60 2774 171 2851; x_wconf 90' lang='lat' dir='ltr'>plevit,</span> <span class='ocrx_word' id='word_1_215' title='bbox 192 2782 225 2834; x_wconf 93' lang='lat' dir='ltr'>ut</span> <span class='ocrx_word' id='word_1_216' title='bbox 240 2790 340 2848; x_wconf 88' lang='lat' dir='ltr'>neque</span> <span class='ocrx_word' id='word_1_217' title='bbox 355 2772 504 2833; x_wconf 90' lang='lat' dir='ltr'>luxuriam</span> <span class='ocrx_word' id='word_1_218' title='bbox 519 2772 660 2834; x_wconf 86' lang='lat' dir='ltr'>invitaret</span> <span class='ocrx_word' id='word_1_219' title='bbox 673 2790 775 2848; x_wconf 88' lang='lat' dir='ltr'>neque</span> <span class='ocrx_word' id='word_1_220' title='bbox 790 2775 951 2833; x_wconf 89' lang='lat' dir='ltr'>honestam</span> <span class='ocrx_word' id='word_1_221' title='bbox 965 2789 1041 2847; x_wconf 84' lang='lat' dir='ltr'>pua·</span> 
     </span>
     <span class='ocr_line' id='line_1_32' title="bbox 60 2855 1042 2933; baseline -0.003 -14"><span class='ocrx_word' id='word_1_222' title='bbox 60 2864 208 2933; x_wconf 87' lang='lat' dir='ltr'>pertatem</span> <span class='ocrx_word' id='word_1_223' title='bbox 223 2864 377 2932; x_wconf 88' lang='lat' dir='ltr'>pateretur</span> <span class='ocrx_word' id='word_1_224' title='bbox 388 2855 532 2932; x_wconf 89' lang='lat' dir='ltr'>dignitate</span> <span class='ocrx_word' id='word_1_225' title='bbox 548 2855 693 2916; x_wconf 77' lang='lat' dir='ltr'>destituit</span> <span class='ocrx_word' id='word_1_226' title='bbox 714 2856 831 2931; x_wconf 83' lang='lat' dir='ltr'>Quanto</span> <span class='ocrx_word' id='word_1_227' title='bbox 843 2871 911 2915; x_wconf 90' lang='lat' dir='ltr'>cum</span> <span class='ocrx_word' id='word_1_228' title='bbox 923 2855 1042 2917; x_wconf 91' lang='lat' dir='ltr'>honore</span> 
     </span>
     <span class='ocr_line' id='line_1_33' title="bbox 60 2937 1073 3013; baseline -0.008 -10"><span class='ocrx_word' id='word_1_229' title='bbox 60 2939 273 3003; x_wconf 85' lang='lat' dir='ltr'>Germanicum</span> <span class='ocrx_word' id='word_1_230' title='bbox 284 2957 374 3001; x_wconf 92' lang='lat' dir='ltr'>suum</span> <span class='ocrx_word' id='word_1_231' title='bbox 389 2942 417 2999; x_wconf 94' lang='lat' dir='ltr'>in</span> <span class='ocrx_word' id='word_1_232' title='bbox 433 2938 650 3001; x_wconf 89' lang='lat' dir='ltr'>transmarinas</span> <span class='ocrx_word' id='word_1_233' title='bbox 662 2939 743 3000; x_wconf 89' lang='lat' dir='ltr'>misit</span> <span class='ocrx_word' id='word_1_234' title='bbox 756 2937 955 3013; x_wconf 72' lang='lat' dir='ltr'>provincias?</span> <span class='ocrx_word' id='word_1_235' title='bbox 976 2939 1042 3011; x_wconf 84' lang='lat' dir='ltr'>Qua</span> <span class='ocrx_word' id='word_1_236' title='bbox 1055 2940 1073 2995; x_wconf 77' lang='lat'>4</span> 
     </span>
     <span class='ocr_line' id='line_1_34' title="bbox 60 3022 1040 3097; baseline -0.005 -12"><span class='ocrx_word' id='word_1_237' title='bbox 60 3024 90 3085; x_wconf 88' lang='lat' dir='ltr'>vi</span> <span class='ocrx_word' id='word_1_238' title='bbox 108 3024 307 3087; x_wconf 89' lang='lat' dir='ltr'>consiliorum</span> <span class='ocrx_word' id='word_1_239' title='bbox 322 3041 463 3097; x_wconf 90' lang='lat' dir='ltr'>suorum,</span> <span class='ocrx_word' id='word_1_240' title='bbox 486 3023 622 3085; x_wconf 91' lang='lat' dir='ltr'>ministro</span> <span class='ocrx_word' id='word_1_241' title='bbox 645 3032 675 3085; x_wconf 89' lang='lat' dir='ltr'>et</span> <span class='ocrx_word' id='word_1_242' title='bbox 695 3022 835 3083; x_wconf 91' lang='lat' dir='ltr'>adiutore</span> <span class='ocrx_word' id='word_1_243' title='bbox 851 3038 927 3082; x_wconf 90' lang='lat' dir='ltr'>usus</span> <span class='ocrx_word' id='word_1_244' title='bbox 941 3023 1040 3081; x_wconf 87' lang='lat' dir='ltr'>Druso</span> 
     </span>
     <span class='ocr_line' id='line_1_35' title="bbox 60 3104 1041 3183; baseline -0.005 -14"><span class='ocrx_word' id='word_1_245' title='bbox 60 3107 124 3169; x_wconf 85' lang='lat' dir='ltr'>filio</span> <span class='ocrx_word' id='word_1_246' title='bbox 140 3125 216 3182; x_wconf 91' lang='lat' dir='ltr'>suo,</span> <span class='ocrx_word' id='word_1_247' title='bbox 236 3108 474 3183; x_wconf 86' lang='lat' dir='ltr'>Maroboduum,</span> <span class='ocrx_word' id='word_1_248' title='bbox 496 3107 704 3167; x_wconf 89' lang='lat' dir='ltr'>inhaerentem</span> <span class='ocrx_word' id='word_1_249' title='bbox 719 3105 860 3180; x_wconf 89' lang='lat' dir='ltr'>occupati</span> <span class='ocrx_word' id='word_1_250' title='bbox 875 3104 960 3180; x_wconf 88' lang='lat' dir='ltr'>regni</span> <span class='ocrx_word' id='word_1_251' title='bbox 975 3104 1041 3164; x_wconf 87' lang='lat' dir='ltr'>tini-</span> 
     </span>
     <span class='ocr_line' id='line_1_36' title="bbox 61 3187 1041 3269; baseline -0.005 -16"><span class='ocrx_word' id='word_1_252' title='bbox 61 3193 136 3268; x_wconf 88' lang='lat' dir='ltr'>bus,</span> <span class='ocrx_word' id='word_1_253' title='bbox 159 3208 236 3269; x_wconf 93' lang='lat' dir='ltr'>pace</span> <span class='ocrx_word' id='word_1_254' title='bbox 256 3191 423 3253; x_wconf 89' lang='lat' dir='ltr'>maiestatis</span> <span class='ocrx_word' id='word_1_255' title='bbox 439 3191 506 3253; x_wconf 92' lang='lat' dir='ltr'>eius</span> <span class='ocrx_word' id='word_1_256' title='bbox 522 3190 665 3263; x_wconf 86' lang='lat' dir='ltr'>dixerim,</span> <span class='ocrx_word' id='word_1_257' title='bbox 690 3192 773 3251; x_wconf 94' lang='lat' dir='ltr'>velut</span> <span class='ocrx_word' id='word_1_258' title='bbox 793 3198 968 3266; x_wconf 89' lang='lat' dir='ltr'>serpentem</span> <span class='ocrx_word' id='word_1_259' title='bbox 989 3187 1041 3248; x_wconf 92' lang='lat' dir='ltr'>ab·</span> 
     </span>
     <span class='ocr_line' id='line_1_37' title="bbox 61 3270 1042 3339; baseline -0.006 -1"><span class='ocrx_word' id='word_1_260' title='bbox 61 3284 196 3338; x_wconf 86' lang='lat' dir='ltr'>strusam</span> <span class='ocrx_word' id='word_1_261' title='bbox 217 3285 315 3339; x_wconf 90' lang='lat' dir='ltr'>terrae</span> <span class='ocrx_word' id='word_1_262' title='bbox 336 3275 511 3337; x_wconf 91' lang='lat' dir='ltr'>salubribus</span> <span class='ocrx_word' id='word_1_263' title='bbox 533 3274 731 3336; x_wconf 88' lang='lat' dir='ltr'>consiliorum</span> <span class='ocrx_word' id='word_1_264' title='bbox 757 3289 882 3334; x_wconf 90' lang='lat' dir='ltr'>suorum</span> <span class='ocrx_word' id='word_1_265' title='bbox 909 3270 1042 3334; x_wconf 89' lang='lat' dir='ltr'>medica-</span> 
     </span>
     <span class='ocr_line' id='line_1_38' title="bbox 61 3358 1043 3436; baseline -0.008 -15"><span class='ocrx_word' id='word_1_266' title='bbox 61 3360 173 3422; x_wconf 86' lang='lat' dir='ltr'>mentis</span> <span class='ocrx_word' id='word_1_267' title='bbox 189 3361 290 3436; x_wconf 75' lang='lat' dir='ltr'>coegit</span> <span class='ocrx_word' id='word_1_268' title='bbox 304 3358 431 3435; x_wconf 70' lang='lat' dir='ltr'>egredi?</span> <span class='ocrx_word' id='word_1_269' title='bbox 449 3378 540 3434; x_wconf 90' lang='lat' dir='ltr'>quam</span> <span class='ocrx_word' id='word_1_270' title='bbox 554 3359 636 3419; x_wconf 91' lang='lat' dir='ltr'>illum</span> <span class='ocrx_word' id='word_1_271' title='bbox 652 3364 682 3419; x_wconf 88' lang='lat' dir='ltr'>et</span> <span class='ocrx_word' id='word_1_272' title='bbox 696 3358 846 3420; x_wconf 89' lang='lat' dir='ltr'>honorate</span> <span class='ocrx_word' id='word_1_273' title='bbox 861 3373 919 3427; x_wconf 88' lang='lat' dir='ltr'>nec</span> <span class='ocrx_word' id='word_1_274' title='bbox 933 3371 1043 3417; x_wconf 90' lang='lat' dir='ltr'>secure</span> 
     </span>
     <span class='ocr_line' id='line_1_39' title="bbox 62 3438 1074 3519; baseline -0.006 -16"><span class='ocrx_word' id='word_1_275' title='bbox 62 3444 220 3505; x_wconf 70' lang='lat' dir='ltr'>continet?</span> <span class='ocrx_word' id='word_1_276' title='bbox 235 3443 370 3518; x_wconf 82' lang='lat' dir='ltr'>Quantae</span> <span class='ocrx_word' id='word_1_277' title='bbox 382 3444 471 3503; x_wconf 91' lang='lat' dir='ltr'>molis</span> <span class='ocrx_word' id='word_1_278' title='bbox 486 3444 598 3504; x_wconf 88' lang='lat' dir='ltr'>bellurn</span> <span class='ocrx_word' id='word_1_279' title='bbox 613 3440 753 3519; x_wconf 90' lang='lat' dir='ltr'>principe</span> <span class='ocrx_word' id='word_1_280' title='bbox 766 3441 927 3501; x_wconf 89' lang='lat' dir='ltr'>Galliarum</span> <span class='ocrx_word' id='word_1_281' title='bbox 944 3438 1074 3500; x_wconf 71' lang='lat' dir='ltr'>cientes</span> 
     </span>
    </p>
   </div>
   <div class='ocr_carea' id='block_1_3' title="bbox 0 0 1141 3832">
    <p class='ocr_par' dir='ltr' id='par_1_4' title="bbox 0 0 1141 3832">
     <span class='ocr_line' id='line_1_40' title="bbox 0 0 1141 3832; baseline 0 0"><span class='ocrx_word' id='word_1_282' title='bbox 0 0 1141 3832; x_wconf 95' lang='lat' dir='ltr'> </span> 
     </span>
    </p>
   </div>
  </div>
 </body>
</html>
