2266 3832
97 208 139 270 56
453 218 742 269 rnosrsrrrorrs.

53 384 89 432 at
185 372 296 437 Gneus
317 373 447 436 interim
466 372 606 456 Magnus
624 370 757 436 rebellis
771 372 875 437 Asiae
889 368 1050 461 reliquias
1064 394 1106 438 sc

99 478 201 544 quens
219 478 280 555 per
295 455 426 520 diversa
440 457 586 540 gentium
601 463 822 541 terrarumque
835 455 1013 521 volitabat.
1039 478 1107 520 nam

98 563 159 604 suo
180 547 337 604 orrentem
353 547 481 603 secutus
495 540 681 621 Armenios,
704 547 818 624 captae
834 541 946 639 gentis
963 548 1106 626 satrapen

55 620 278 709 28supplieem
303 623 398 686 iussit
416 644 554 707 regnare
574 620 750 706 Tigranen.
779 631 815 687 at
833 646 871 687 m
890 625 1106 709 septentrione

100 706 287 793 Scythicum
307 707 370 771 iter
383 715 546 792 tamquam
559 706 594 769 in
606 706 689 769 mari
704 705 806 771 stellis
821 716 955 771 secutus
971 705 1121 773 Colchost

99 790 231 869 cecidit,
254 790 381 874 ignovit
396 788 566 870 Hiberiae,
584 789 730 876 pepercit
739 788 890 854 Albanis.
912 812 1030 891 regem
1041 788 1107 856 Col-

99 873 232 938 chorum
248 871 414 954 Orhozcn,
436 874 551 958 positis
575 872 636 936 sub
655 874 728 958 ipso
745 871 893 938 Caucaso
915 883 1036 939 castr-rs
1051 876 1107 938 ius

98 957 143 1020 sit
162 957 196 1019 in
216 955 314 1039 plana
334 956 546 1038 descendere,
569 965 603 1019 at
619 955 799 1038 Arthocen,
821 957 880 1044 qui
897 956 1037 1023 Hiberis
1055 958 1107 1021 im-

98 1039 249 1126 perabat,
275 1038 405 1103 obsides
425 1038 546 1104 liberos
568 1039 661 1121 dare3
686 1039 833 1105 Horolen
849 1042 949 1105 etiarn
964 1061 1107 1106 munera

97 1124 160 1205 vit,
191 1122 275 1186 ultro
294 1122 335 1187 ab
357 1122 500 1187 Albania
522 1145 581 1186 sua
601 1123 720 1187 lectum
740 1144 875 1188 aureum
891 1132 925 1189 et
943 1126 1015 1189 alia
1028 1124 1127 1190 donau

55 1208 290 1271 amittentem.
323 1228 384 1271 nec
409 1229 475 1271 non
500 1209 535 1270 in
554 1207 723 1271 meridiem
742 1228 838 1272 verso
858 1209 994 1293 agmine
1014 1206 1106 1273 Liba·

100 1313 178 1354 num
194 1288 309 1376 Syriae
324 1291 584 1376 Damascumque
597 1299 819 1375 transgressus
832 1312 893 1378 per
906 1312 1045 1357 nemora
1057 1290 1109 1355 illa

102 1375 250 1457 odorata,
271 1397 330 1460 per
347 1376 428 1439 turis
450 1383 482 1438 et
499 1374 637 1438 balsami
656 1373 756 1439 silvas
771 1375 919 1439 Romana
935 1376 1035 1461 signa
1052 1376 1107 1439 cir·

101 1458 259 1522 cumtulit.
297 1459 438 1539 Arabes,
471 1459 500 1521 si
525 1457 604 1543 quid
631 1459 820 1543 imperaret,
846 1467 980 1557 praesto
1010 1458 1107 1523 inere.

57 1547 92 1600 30
101 1541 329 1626 Hierosolyma
344 1541 517 1606 defendere
532 1550 732 1627 temptavere
745 1541 877 1625 Iudae13
896 1564 1017 1608 verum
1030 1542 1127 1606 haecs

101 1644 229 1710 quoque
255 1634 287 1688 et
312 1625 447 1688 intravit
468 1634 500 1688 et
521 1624 605 1689 vidit
624 1624 707 1690 illud
726 1624 850 1724 grande
870 1626 983 1711 inpiae
1004 1625 1108 1710 gentis

101 1727 254 1770 arcanum
273 1716 402 1791 patens,
423 1706 484 1770 sub
506 1728 605 1771 aurea
623 1709 691 1771 vite
713 1707 833 1772 crllum.
862 1707 1108 1773 dissidentibus-

122 1810 163 1852 ue
194 1788 234 1852 de
265 1811 366 1874 regno
393 1788 548 1853 fratribus
571 1790 692 1856 arbiter
719 1791 824 1855 factus
850 1812 991 1876 regnare
1018 1792 1110 1856 iussit

134 1893 308 1958 yrcanum;
341 1872 578 1955 Aristobolum,
612 1875 688 1961 quia
718 1874 897 1940 renovabat
928 1876 1108 1961 imperium,

58 1957 136 2018 elin
158 1964 287 2019 catenas
310 1956 409 2021 dedit.
443 1957 490 2021 sic
510 1957 664 2043 Pompeio
685 1959 767 2022 duce
787 1957 925 2045 populus
942 1958 1127 2022 Romanusa

102 2048 216 2122 totam,
250 2062 315 2127 qua
347 2041 506 2105 latissima
531 2051 594 2123 est,
624 2042 738 2106 Asiam
768 2050 982 2128 pervagatus,
1038 2062 1109 2105 uam

103 2133 281 2189 extremam
303 2126 430 2211 imperii
459 2124 600 2190 habebat
622 2126 826 2223 provinciam
853 2125 995 2190 mediam
1017 2064 1108 2189 lecit.

104 2210 248 2294 exceptis
270 2210 390 2355 quippe
406 2209 551 2292 Parthis,
577 2231 633 2294 qur
652 2207 766 2272 foedus
788 2208 986 2289 maluerunt,
1013 2217 1047 2273 et
1059 2207 1109 2271 In-

104 2293 170 2373 dis,
199 2293 255 2377 qui
281 2293 387 2356 aduc
412 2315 471 2358 nos
498 2314 559 2356 nec
586 2301 758 2376 noverant,
792 2293 895 2357 omnis
920 2292 1005 2355 Asia
1028 2293 1111 2355 inter

102 2374 237 2438 rubrum
254 2383 286 2437 et
303 2374 456 2460 Caspium
473 2384 504 2438 et
518 2376 683 2439 Oceanum
697 2374 904 2461 Pompeianis
920 2374 1046 2440 domita
1058 2374 1127 2442 velt

104 2477 258 2542 oppressa
277 2458 379 2542 signis
401 2456 580 2521 tenebatur.

315 2589 406 2654 XLI.
429 2590 615 2656 BELLVM
635 2591 897 2658 PIRATICVM.

31 2711 115 2791 111,6
189 2707 324 2770 Interim
345 2729 418 2770 cum
439 2707 577 2793 populus
601 2708 766 2773 Romanus
786 2730 846 2798 per
865 2710 997 2775 diversa
1011 2718 1112 2775 terra·

103 2813 175 2855 rum
191 2790 354 2855 districtus
371 2800 433 2873 est,
458 2791 576 2856 Cilices
591 2793 780 2858 invaserant
792 2795 895 2858 maria
910 2792 1112 2881 sublatisque

104 2874 319 2956 commerciis,
347 2883 441 2960 rupto
462 2875 611 2939 foedere·
640 2877 745 2940 eneris
766 2877 912 2959 humani,
939 2877 988 2943 sio
1008 2874 1127 2942 inariat

78 2956 191 3023 2bello
208 2958 300 3043 quasi
314 2967 504 3044 tempestate
541 2897 769 3023 raeclirserant.
791 2960 961 3025 audaciam
973 2961 1111 3059 perditis

104 3039 301 3125 furiosisque
314 3040 494 3106 latronibus
510 2981 608 3106 <labat
623 3044 768 3141 inquieta
780 3044 1008 3109 Mithridaticis
1019 3065 1111 3130 proe-

104 3123 158 3187 liis
179 3125 275 3204 Asia,
299 3124 376 3189 dum
397 3125 457 3189 sub
478 3125 576 3190 alieni
592 3124 671 3189 belh
686 3127 826 3192 tumultu
841 3129 1009 3214 exterique
1023 3128 1111 3213 regis

77 3207 233 3271 einvidia
260 3208 381 3294 inpune
409 3219 608 3291 grassantur.
649 3231 687 3274 ac
711 3212 849 3295 primum
876 3211 958 3275 duce
982 3210 1111 3275 Isidoro

106 3291 247 3356 contenti
266 3292 415 3377 proximo
435 3294 518 3357 mari
539 3292 668 3358 Cretam
688 3295 773 3357 inter
792 3294 835 3359 ad
857 3316 898 3358 ue
914 3294 1062 3380 Cyrenas
1079 3300 1127 3358 eta

105 3374 264 3439 Achaiam
275 3375 444 3461 sinumque
456 3375 612 3459 Maleum,
630 3376 717 3462 quod
727 3376 769 3440 ab
780 3398 818 3463 sp
836 3317 891 3442 lnt-
904 3398 1036 3442 aureum
1047 3376 1111 3477 ipsi

78 3476 280 3541 avocavere,
308 3458 582 3523 latrocinabantur
631 3461 695 3508 «ὢν
715 3480 807 3523 mmm
832 3461 857 3508 ir
905 3481 947 3508 Μ
973 3459 1110 3524 Ῥ“1)1]ιιε
