2266 3832
79 198 121 260 92
434 190 722 255 rnomnrrrorrs.

79 364 155 426 stris
177 361 304 424 videret
324 379 386 423 nec
408 358 502 421 aliter
523 356 567 421 ad
586 356 763 421 videndum
785 377 874 439 eum,
906 380 1006 444 quam
1030 380 1079 424 so·

52 442 168 515 elebat
194 443 238 508 ad
262 442 472 519 audiendum,
505 447 759 504 concurreretur.
790 439 873 505 bsec
898 441 1027 505 scelere.
1045 444 1080 506 in

77 526 214 591 Antonii
223 526 406 624 Lepidique
423 523 561 605 tabidis3
582 521 703 588 Caesar
718 524 968 608 percussoribus
977 527 1079 610 patris

78 617 246 674 contentus
264 610 341 690 tuit,
372 608 446 673 ideo
468 628 524 688 ne,
553 607 582 670 si
601 605 707 669 inulta
726 604 858 688 suisset,
880 607 980 671 etiam
994 608 1080 672 iuste

79 694 149 757 eius
170 693 285 756 caedes
306 691 489 756 haberetur.
831 724 834 729 ·
1098 715 1110 754 s

210 823 320 888 XVII.
354 821 539 889 BELLVM
562 819 690 887 CASSI
710 818 772 885 ΕΤ
791 820 942 885 BRVTI.

18 943 111 1024 1111s7
165 943 286 1006 Brutus
304 951 336 1005 et
353 940 485 1005 Cassius
503 942 550 1004 sic
569 938 742 1004 Caesarem
759 939 853 1025 quasi
867 938 1080 1025 Tarquinium

76 1046 187 1109 regem
221 1023 384 1110 depulisse
415 1044 517 1108 regno
548 1022 762 1104 videbantur,
801 1031 851 1085 set
883 1021 1078 1106 libertatem,

76 1129 173 1194 quam
197 1109 339 1172 maxime
366 1107 547 1170 restitutam
574 1106 761 1186 voluerunt,
794 1103 851 1169 illo
877 1105 950 1190 ipso
976 1110 1079 1192 parri-

50 1191 161 1261 2cidio
188 1190 409 1276 perdiderunt.
442 1191 542 1274 igitur
569 1189 668 1253 caede
695 1187 841 1274 perfecta
860 1208 936 1252 cum
953 1199 1109 1254 vetera-ro

76 1296 136 1340 nos
160 1272 328 1355 Caesaris,
358 1273 605 1354 necimmerito,
627 1273 794 1353 timerent,
818 1271 928 1335 stetim
949 1292 968 1335 e
989 1275 1080 1337 curia

78 1360 113 1421 in
135 1357 332 1444 Capitolium
355 1357 579 1440 confugerant.
612 1376 674 1419 nec
694 1353 760 1418 illis
782 1353 826 1418 ad
845 1353 1005 1419 ultionem
1027 1356 1079 1421 de-

51 1450 147 1514 serat
165 1443 300 1522 animus,
321 1441 380 1504 sed
397 1439 511 1504 ducem
529 1439 674 1503 nondum
690 1437 865 1502 habebant.
886 1438 989 1521 igitur
1006 1460 1080 1503 cum

76 1545 97 1587 e
119 1532 262 1610 pareret,
296 1544 378 1608 quae
396 1530 522 1605 strages
551 1523 600 1585 rei
620 1519 769 1607 publicae
783 1521 979 1603 inmineret,
1015 1520 1079 1586 dis-

75 1546 189 1692 pbcuit
214 1605 310 1686 ultio,
347 1627 421 1669 curn
451 1604 566 1669 caedes
593 1601 829 1689 improbaretur.
864 1603 966 1690 igitur
987 1604 1110 1671 crees

49 1692 165 1764 4ronis
198 1688 343 1752 consiliis
366 1687 542 1751 abolitione
570 1688 715 1767 decreta,
748 1708 790 1750 ne
816 1695 926 1751 temen
955 1687 1080 1773 publici

76 1772 198 1836 doloris
227 1770 336 1835 oculos
371 1771 521 1851 ferirent,
554 1771 589 1834 in
616 1771 802 1856 provincias
838 1769 880 1834 ab
911 1768 970 1835 illo
1006 1773 1078 1919 ipso

76 1877 172 1941 quem
201 1853 387 1918 occiderant
413 1853 554 1917 Caesare
581 1854 689 1934 datas,
723 1851 852 1939 Syriam
874 1861 907 1916 et
925 1852 1022 1919 Mace
1046 1877 1078 1920 o·

74 1939 163 2001 niam
185 1946 423 2002 concesserant.
446 1937 493 2001 sic
515 1937 660 2003 vindicte
679 1935 828 2001 Caesaris
851 1935 952 2000 dilata
968 1939 1078 2023 potius

76 2042 173 2108 quam
196 2043 351 2108 oppressa
374 2029 433 2087 est.
1083 2046 1109 2086 ro

49 2135 65 2184 5
160 2105 266 2190 Igitur
293 2106 359 2169 iam
384 2105 533 2170 ordinata
560 2105 663 2188 magis
693 2112 729 2167 ut
756 2111 883 2190 poterat
915 2123 1013 2188 quam
1042 2112 1078 2168 ut

76 2189 217 2254 debebat
237 2191 322 2253 inter
343 2190 529 2253 triumviros
551 2210 587 2252 re
609 2187 755 2272 publice,
783 2186 898 2252 relicto
920 2186 964 2251 od
983 2186 1076 2252 urbis

99 2273 274 2337 raesidium
295 2273 436 2358 Lepido,
465 2271 586 2337 Caesar
608 2293 681 2334 cum
701 2271 844 2335 Antonio
866 2271 902 2334 in
925 2269 1077 2335 Cassium

50 2294 277 2440 obrutumque
301 2357 509 2439 succingitur.
532 2354 581 2417 illi
601 2354 793 2440 comparatis
814 2352 1001 2438 ingentibus
1024 2375 1075 2419 co·

75 2437 138 2582 piis
168 2437 304 2500 eandem
330 2438 433 2518 illam,
462 2459 544 2524 quae
572 2436 681 2501 fatalis
704 2437 796 2502 Gneo
819 2435 974 2523 Pompeio
1003 2436 1111 2518 suites

98 2540 230 2583 arenam
259 2521 456 2586 insederant.
487 2521 546 2584 sed
572 2542 632 2584 nec
661 2529 730 2583 tum
757 2522 865 2585 omina
886 2520 1075 2584 inminentis

41 2603 178 2672 reladis
200 2603 372 2667 latuerunt.
393 2625 469 2668 nam
491 2614 522 2668 et
544 2605 646 2688 signis
667 2603 788 2669 insedit
810 2624 947 2669 examen
969 2612 1002 2669 et
1019 2604 1075 2668 ed·

76 2694 186 2748 suetae
212 2686 407 2750 cadaverum
428 2687 548 2774 pabulo
570 2687 719 2751 volucres
741 2689 835 2773 quasi
854 2688 921 2751 iam
936 2708 996 2751 sue.
1013 2692 1074 2751 cir-

76 2769 317 2851 cumvolabant,
351 2772 444 2834 etin
471 2772 574 2836 aciem
600 2769 834 2856 prodeuntibus
865 2770 983 2836 obvius
1008 2772 1074 2835 Ae-

48 2851 181 2936 sthiops
202 2854 298 2916 nimis
320 2862 435 2938 aperte,
450 2855 553 2920 ferale
574 2856 703 2938 signum
721 2855 793 2918 fuit.
821 2855 948 2941 ipsique
969 2854 1106 2919 Brutoeo

74 2956 133 3020 per
155 2944 295 3017 noctem,
318 2958 392 3000 cum
411 2937 512 3002 inlato
534 2939 655 3003 lumine
674 2960 717 3003 ex
732 2959 821 3003 more
836 2937 946 3024 alique
963 2959 1073 3003 secum

78 3018 227 3102 agitaret,
261 3029 332 3083 atra
363 3022 523 3106 quaedam
554 3024 661 3108 imago
694 3043 729 3085 se
760 3021 877 3086 obtulit
908 3029 955 3103 et,
989 3043 1072 3108 quae

75 3109 161 3165 esset
187 3104 400 3186 interrogata,
433 3112 544 3169 ‘tuus'
570 3107 676 3192 inquit
704 3105 826 3169 ‘malus
853 3106 996 3190 genius,’
1032 3126 1072 3169 ac

48 3184 135 3248 nsub
158 3185 259 3249 oculis
280 3187 427 3251 mirantis
445 3190 586 3253 evanuit.
609 3191 681 3276 pari
697 3190 733 3254 in
750 3190 885 3254 meliora
899 3190 1071 3275 praesagio

77 3267 110 3330 ‘n
133 3265 283 3332 Caesaris
311 3272 424 3334 castris
453 3274 561 3337 omnia
583 3296 660 3337 avos
681 3273 814 3337 victima
854 3292 896 3335 uo
916 3271 1102 3358 promise-es

74 3359 159 3414 rant.
192 3352 251 3416 sed
276 3352 358 3418 nihil
384 3353 441 3419 illo
459 3356 696 3454 praestantius.
725 3356 808 3430 qnod
862 3355 984 3419 cesaris
1004 3375 1070 3419 me·

74 3433 168 3490 ‘linus
191 3437 315 3494 somnis·
338 3437 511 3498 admonit...
556 3445 610 3503 Δ..
635 3460 666 3486 rr.
708 3436 736 3486 l„
756 3473 804 3502 ,m
850 3438 952 3501 saph-iq
974 3458 1069 3503 ἢχω-
