2266 3832
128 200 170 262 56
394 200 434 259 Μ.
455 200 595 260 VELLEI
617 200 832 261 PATERCULI

130 356 230 414 animo
246 354 335 425 vidit,
352 354 473 427 ingenio
486 355 666 427 conrplexus
681 359 741 424 est,
758 350 934 425 eloquentia
948 351 1108 412 inlumina-

129 437 186 507 vit,
204 436 339 497 manebit
352 436 518 507 incolume,
536 435 677 495 comitem
692 434 941 495 ccvisuilaudem
949 434 1107 495 Ciceronis

129 521 243 592 trahet,
269 522 430 594 omnisque
446 518 610 594 posteritas
626 519 705 577 illius
726 518 798 577 inte
812 519 926 593 scripta
939 516 1107 592 mIrabitur,

129 613 213 664 tuum
229 605 258 662 in
272 620 339 663 eum
356 604 467 662 iactum
477 603 685 674 execrabitur,
701 601 1106 677 citiusqueemundogenus

128 688 282 749 homiuum
315 703 404 761 quam
436 687 597 759 [Cicerones
620 688 721 759 plorr'e
746 703 764 745 e
790 687 931 747 memorio
958 687 1107 745 bominum

128 776 269 846 unquam]
285 771 381 829 cedet.

102 864 117 913 1
212 853 329 912 LXVII.
369 853 465 912 Huius
482 853 573 912 totius
589 853 734 926 temporis
749 853 900 912 fortunam
915 867 972 910 nec
990 852 1107 911 deilere

129 939 252 1014 quidem
264 935 726 1011 quisquamsatisdignepotuit,
742 937 819 994 adeo
832 949 922 994 nemo
933 934 1108 1009 exprimere

128 1022 231 1081 verbis
240 1027 357 1096 potest;
372 1019 403 1079 id
415 1020 688 1079 tamennotandum
696 1027 757 1091 est,
772 1019 904 1078 luissein
913 1018 1107 1093 proscriptos

128 1121 257 1165 uxorum
279 1104 371 1163 iidem
392 1119 555 1174 summam,
576 1102 751 1162 libertorum
772 1102 918 1175 mediam,
945 1119 1107 1164 servorum

129 1189 276 1263 aliquam,
299 1188 430 1248 filiorum
452 1188 580 1246 nullam:
602 1187 680 1245 adeo
701 1186 833 1245 dililcilis
859 1193 907 1246 est
931 1186 1108 1247 hominibus

101 1280 286 1345 culcunque
301 1280 468 1345 conceptae
483 1271 551 1345 spei
566 1286 658 1329 mora.
676 1269 719 1327 Ne
727 1270 799 1343 quid
809 1269 861 1328 ulli
871 1276 1007 1329 sanctum
1015 1272 1105 1331 relin-

130 1363 290 1429 queretur,
308 1354 432 1414 velutin
450 1354 549 1414 dotem
566 1351 854 1427 invitamentumque
870 1352 995 1413 sceleris
1011 1356 1106 1414 Anto·

129 1440 198 1498 nius
220 1440 253 1497 L.
277 1439 438 1497 Caesarem
459 1437 656 1507 avunculum,
682 1436 816 1510 Lepidus
836 1436 961 1495 Paulum
983 1438 1106 1499 iratrem

129 1524 391 1596 proscripserant,
407 1536 463 1579 nec
471 1520 582 1579 Planco
597 1519 693 1593 gratia
708 1519 803 1580 deluit
818 1521 856 1578 ad
872 1521 1107 1596 impetrandum,

99 1608 162 1665 but
177 1607 268 1664 lrater
282 1606 348 1664 eius
363 1604 492 1663 Plancus
505 1602 619 1662 Plotius
635 1604 886 1676 proscriberetur.
907 1604 1015 1678 quue
1029 1603 1108 1666 Inter

129 1690 214 1747 iocos
230 1687 381 1760 militaris,
397 1687 449 1759 qui
465 1702 585 1745 currum
597 1685 704 1759 Lepidi
718 1685 884 1760 Plancique
899 1687 996 1747 secuti
1011 1698 1107 1763 erant,

129 1770 205 1830 inter
220 1771 445 1829 execrationem
459 1770 570 1828 ciuium
584 1769 774 1843 usurpabant
788 1770 867 1830 hunc
882 1786 1020 1830 versum:

169 1855 213 1913 Ile
225 1857 390 1927 penmonis,
404 1869 463 1913 non
478 1856 516 1913 de
532 1855 625 1913 Callis
639 1855 698 1912 'deo
711 1855 897 1929 triumphant
908 1858 1051 1915 consules.

101 1952 115 2003 1
212 1937 342 1996 LXVIII.
375 1936 437 1997 Suo
450 1937 642 2011 praeteritum
658 1939 726 1997 loco
739 1939 901 2006 reseratum
912 1953 1015 2013 neque
1026 1940 1106 1999 enim

130 2037 264 2094 persona
278 2022 416 2080 umbram
432 2028 518 2081 actae
532 2022 575 2080 rei
591 2021 679 2095 capit.
708 2021 786 2080 Dum
802 2022 831 2079 in
851 2022 917 2081 acie
930 2020 1108 2083 Pharsalica

129 2104 316 2180 [Africaque]
333 2106 371 2163 de
387 2121 504 2165 summa
518 2120 618 2163 rerum
634 2105 747 2163 Caesar
762 2105 896 2176 dimicat,
917 2104 957 2163 M.
974 2104 1107 2177 Coelius

130 2189 176 2246 vir
190 2189 313 2262 eloquio
336 2190 500 2262 animoque
515 2187 637 2248 CurIoni
652 2188 835 2261 simillimus,
858 2189 958 2247 sedin
974 2195 1109 2264 utroque
1124 2256 1127 2261 ,

130 2272 293 2345 perfectior
307 2288 364 2332 nec
379 2271 479 2331 minus
501 2272 659 2345 ingeniose
674 2288 821 2346 nequam,
843 2287 911 2331 cum
932 2272 961 2330 in
984 2272 1108 2332 modica

129 2356 252 2429 quidem
267 2355 309 2392 **
324 2356 440 2414 servari
456 2363 577 2429 posset,
593 2354 723 2429 (quippe
736 2355 823 2428 peior
833 2353 875 2414 illi
887 2370 937 2414 res
949 2355 1107 2416 iamiIIaris

129 2453 220 2512 quam
235 2454 321 2496 mens
337 2444 414 2507 erat)
434 2439 463 2496 in
485 2446 625 2511 praetura
646 2454 795 2497 novarum
814 2440 983 2498 tabularum
1001 2447 1107 2500 auctor

128 2521 225 2579 extitit
235 2522 411 2593 nequiitque
424 2530 548 2580 senatus
562 2529 592 2581 et
603 2522 738 2581 consulis
751 2523 929 2582 auctoritate
941 2523 1105 2594 deterreri3

127 2603 225 2661 accito
241 2603 331 2663 ctiam
346 2602 459 2662 Milone
474 2604 589 2676 Annio,
613 2605 664 2677 qui
681 2621 741 2664 non
762 2607 922 2679 impetrato
942 2603 1042 2664 reditu
1058 2608 1106 2665 lu·

128 2685 215 2745 lianis
231 2684 370 2760 partibus
385 2684 516 2746 infestus
532 2692 611 2759 erat,
628 2686 657 2746 in
672 2689 748 2748 urbe
767 2688 964 2763 seditionem,
977 2690 1008 2751 In
1026 2688 1109 2766 agris

127 2770 209 2827 lraud
226 2770 346 2827 occulte
360 2769 502 2829 bellicum
518 2774 677 2831 tumultum
692 2789 837 2845 movens,
861 2772 959 2848 prImo
975 2790 1108 2835 summo·

125 2857 174 2909 tus
190 2850 393 2924 erepublica,
414 2868 486 2911 mox
502 2852 714 2913 consularibus
735 2854 826 2911 armis
850 2860 974 2913 auctore
996 2862 1106 2915 senatu

98 2933 208 2995 acirca
224 2934 353 2994 Thurios
372 2951 542 3010 oppressus
561 2944 617 2996 est.
640 2938 764 3009 Incepto
777 2936 844 3012 pari
860 2936 967 2996 slmilis
982 2938 1105 2998 fortuna

126 3016 248 3076 Milonis
271 3020 340 3091 luit,
364 3021 414 3093 qui
431 3019 594 3092 Compsam
609 3019 637 3077 in
653 3019 788 3092 Hirpinis
812 3036 995 3095 oppugnans
1011 3021 1104 3081 ictus·

126 3115 186 3171 que
202 3100 304 3172 lapide
319 3110 380 3161 tum
395 3103 425 3159 P.
440 3101 560 3171 Clodio,
579 3109 640 3161 tum
659 3104 788 3175 patriae,
805 3120 897 3178 quam
912 3104 1004 3164 armis
1019 3112 1104 3178 pete

124 3180 190 3251 bat,
209 3197 325 3255 poenas
341 3185 437 3253 dedit,
459 3186 505 3244 vir
519 3185 639 3258 inquies
655 3193 685 3243 ct
699 3189 777 3245 ultra
791 3187 900 3246 lortem
915 3187 1104 3247 temerarius.

97 3263 279 3336 bouatcnus
293 3268 516 3342 autemaliquid
526 3285 562 3328 ex
573 3268 791 3343 omissispeto,
807 3277 929 3330 notetur
941 3270 1106 3330 immodica

127 3356 157 3407 et
171 3348 384 3422 Intempestive
403 3351 540 3409 libertate
555 3368 629 3411 usos
645 3353 795 3413 adversus
817 3352 848 3412 C.
865 3354 1025 3412 Caesarem
1039 3352 1104 3412 Ma-

125 3433 236 3493 rullum
260 3432 401 3509 EpidImn
422 3433 610 3509 Flauumque
634 3434 804 3497 Caesetium
831 3436 969 3497 tribunos
994 3435 1105 3511 plebIs.

853 3645 856 3651 ’
925 3683 1080 3800 ι
