2266 3832
252 234 460 295 illstoltmtt
474 228 667 293 ROMANAE
681 234 722 306 ΙΙ,
742 242 786 297 76.
798 242 842 297 'li-
995 234 1036 297 61

57 386 200 447 caesaris
214 402 313 458 arma,
334 387 469 445 mnibus
488 384 600 445 bimum
612 384 692 443 hunc
702 383 853 445 Tiberium
866 386 1037 462 Caesarem,

56 468 212 529 vindicem
228 470 356 529 Romani
376 469 499 543 imperi,
521 470 717 541 laturumque
737 468 876 529 eiusdem
896 468 1037 533 Caesaris

58 550 156 615 illium
169 560 296 627 gestans
312 553 396 623 sinu,
412 568 469 627 per
484 552 555 613 avia
568 552 709 613 itinerum
721 552 822 611 vitatis
833 552 959 612 militum
974 556 1037 628 gla-

58 638 118 697 diis
133 652 195 696 uno
211 635 387 709 comitante,
404 652 465 711 quo
481 636 599 695 facilius
614 636 817 695 occultaretur
828 636 914 710 luga,
930 651 1038 711 perve-

59 720 104 780 nit
117 721 157 780 ad
172 735 256 779 mare
273 728 386 779 etcum
407 719 472 778 viro
487 720 607 778 Nerone
621 726 767 793 pervecta
786 719 817 778 in
833 718 966 779 Siciliam
981 728 1038 780 est.

142 802 273 862 LXXVI.
297 802 384 875 Quod
399 804 498 863 alieno
514 803 719 863 testimonium
734 803 908 876 redderem,
924 818 961 863 eo
978 820 1064 874 non1

60 885 209 949 fraudabo
225 902 315 946 avum
330 902 446 946 meum:
469 888 584 961 quippe
601 887 631 945 C.
646 885 784 945 Velleius
800 885 1039 947 honoratissimo

59 968 223 1031 interillos
238 974 390 1030 trecentos
406 969 566 1044 sexaginta
576 968 695 1029 iudices
710 970 780 1029 loco
796 969 878 1029 aCn,
890 969 1038 1044 Pompeio

60 1056 176 1127 lectus,
190 1053 329 1113 eiusdem
343 1052 501 1126 Marcique
518 1052 602 1112 Bruti
618 1067 654 1112 ac
664 1052 708 1112 Ti.
722 1052 853 1113 Neronis
865 1055 1039 1126 praelectus

60 1137 197 1210 labrum,
213 1136 258 1195 vir
269 1136 342 1197 nulli
354 1136 527 1209 secundus,
541 1136 572 1195 in
581 1134 746 1210 Campania
760 1135 1039 1209 digressuNeronis

60 1238 80 1281 a
93 1220 237 1294 Neapoli,
253 1221 340 1279 ouius
357 1220 396 1280 ob
412 1219 597 1293 singularem
609 1235 677 1279 cum
689 1234 726 1277 eo
739 1217 900 1278 amicitiam
910 1218 1040 1294 partium

60 1304 183 1365 adiutor
202 1304 315 1375 iuerat,
336 1304 439 1378 gravis
460 1304 520 1362 iam
535 1309 632 1362 aetate
653 1309 684 1361 et
697 1317 829 1376 corpore
851 1318 919 1363 cum
935 1319 1039 1363 comes

60 1402 135 1450 esse
159 1402 220 1447 non
243 1395 365 1461 posset,
391 1387 493 1461 gladio
518 1402 552 1447 se
577 1387 645 1460 ipse
671 1384 831 1445 transfixit.
864 1386 1069 1446 Inviolatame

60 1471 215 1531 excedere
229 1470 314 1531 ltalia
330 1470 443 1531 Caesar
462 1486 576 1545 passus
590 1469 726 1529 Fulviam
740 1469 960 1543 Pisaeumque,
976 1486 1041 1529 mu-

61 1552 167 1615 liebris
189 1555 280 1629 fugae
300 1555 456 1624 comitem;
478 1570 546 1613 nam
568 1554 663 1615 Pollio
687 1553 811 1612 Asinius
834 1568 903 1611 oum
923 1560 1042 1627 septem

60 1636 251 1713 legionibus,
273 1638 325 1697 diu
339 1646 454 1698 retenta
470 1637 499 1696 in
516 1644 668 1713 potestate
687 1638 800 1697 Antoni
814 1636 958 1709 Venetia,
979 1652 1041 1695 ma-

60 1720 133 1797 gnis
148 1722 363 1795 speciosisque
373 1723 467 1782 rebus
483 1720 704 1783 circaAltinum
711 1722 850 1795 aliasque
865 1719 931 1781 eius
942 1720 1042 1794 regio-

62 1804 112 1865 nis
120 1804 204 1863 urbis
211 1804 316 1875 editis,
331 1806 496 1866 Antonium
509 1815 632 1880 petens,
643 1802 1042 1879 vagumadirucDomitimm

69 1888 717 1963 .1uemdigressumeBrutianiscastrispost
732 1889 858 1947 caedem
873 1888 940 1947 eius
956 1903 1042 1962 prae·

61 1970 198 2031 diximus
214 1978 243 2028 et
263 1972 406 2044 propriae
421 1972 532 2031 classis
547 1974 659 2030 lactum
680 1972 803 2040 ducem,
827 1970 963 2030 consiliis
978 1972 1043 2030 auis

64 2054 209 2113 iniectum
224 2069 261 2112 ac
275 2053 337 2111 ide
352 2054 422 2113 data
437 2054 535 2114 iunxit
546 2053 696 2121 Antonio;
714 2069 775 2126 quo
790 2054 886 2125 lacto,
902 2053 1044 2127 quisquis

63 2151 201 2210 aequum
220 2151 256 2195 se
272 2136 467 2211 praestiterit,
489 2137 567 2197 sciat
592 2153 653 2196 non
684 2137 785 2197 minus
809 2152 827 2193 a
852 2135 989 2197 Pollione
1014 2136 1043 2195 in

63 2218 232 2283 Antonium
247 2235 339 2293 quam
352 2220 390 2277 ab
406 2218 539 2279 Antonio
560 2218 591 2279 in
607 2219 772 2279 Pollionem
793 2234 865 2279 esse
881 2220 1044 2280 conlatum.

64 2304 227 2364 Adventus
249 2301 360 2363 deinde
381 2303 411 2361 in
428 2303 541 2364 ltaliam
556 2300 670 2363 Antoni
692 2309 922 2377 apparatusque
937 2308 1073 2367 contrat

67 2402 138 2448 eum
158 2386 299 2447 Caesaris
319 2385 425 2447 habuit
449 2387 520 2446 belli
546 2394 674 2455 melana
699 2387 755 2446 sed
771 2402 832 2461 pax
853 2384 935 2445 circa
948 2386 1044 2445 Brun·

67 2470 191 2531 dusium
206 2469 386 2543 composita.
408 2470 467 2529 Per
482 2487 560 2545 quae
574 2479 712 2545 tempora
719 2468 962 2530 RullSalridieni
978 2483 1072 2536 sce-4

69 2556 146 2613 testa
160 2553 287 2613 consilia
305 2555 456 2627 patefacta
470 2561 555 2627 sunt,
573 2555 625 2629 qui
643 2562 731 2614 natus
744 2553 974 2615 obscurissimis
988 2552 1043 2613 ini-

69 2636 118 2697 tiis
139 2654 245 2712 parum
267 2636 398 2696 babebat
419 2654 537 2698 summa
551 2639 712 2713 accepisse
733 2644 763 2697 et
784 2638 942 2713 proximus
957 2655 976 2698 a
991 2637 1043 2698 cn.

67 2714 214 2795 Pompeio
228 2721 359 2795 ipsoque
366 2720 498 2780 Caesare
509 2722 660 2795 equestris
675 2722 791 2783 ordinis
803 2722 912 2781 consul
924 2729 1043 2782 creatus

67 2818 156 2877 esse,
177 2803 236 2863 nisi
257 2804 286 2862 in
302 2803 333 2861 id
347 2803 554 2875 ascendisset,
576 2820 594 2863 e
609 2821 670 2878 quo
691 2804 769 2863 inira
788 2820 824 2864 se
837 2813 869 2864 et
883 2803 1043 2865 Caesarem

68 2888 187 2947 rideret
199 2896 230 2948 et
243 2887 469 2960 rempublicam.

152 2970 296 3029 txxvtt.
327 2972 402 3030 Tum
417 2973 630 3045 expostulante
645 2985 801 3029 consensu
815 2970 937 3044 populi,
954 2976 1072 3044 queml

67 3055 174 3131 gravis
189 3055 297 3114 urebat
311 3054 420 3113 infesto
435 3054 511 3114 mari
526 3069 662 3126 annona,
678 3068 746 3112 cum
758 3052 903 3128 Pompeio
920 3068 1045 3129 quoque

68 3138 153 3199 eirca
166 3136 319 3197 Misenum
334 3153 395 3211 pax
411 3137 498 3209 inita,
518 3138 568 3213 qui
583 3137 665 3199 haud
680 3137 827 3209 absurde,
847 3152 916 3197 eum
930 3138 960 3197 in
975 3136 1046 3197 navi

69 3220 296 3295 Caesaremque
317 3228 348 3281 et
360 3222 526 3283 Antonium
541 3238 637 3283 coena
660 3220 831 3295 exciperet,
850 3220 926 3281 dixit
946 3224 975 3281 in
991 3222 1045 3281 Ca-

68 3304 145 3365 rinis
165 3305 231 3365 suis
246 3320 281 3364 se
302 3320 429 3363 caenam
444 3307 533 3379 dare,
553 3308 689 3366 reterens
710 3304 770 3364 hoc
791 3303 905 3365 dictum
925 3306 965 3365 ad
987 3304 1048 3364 ioci

70 3404 199 3461 nornen,
220 3388 249 3447 in
267 3404 328 3461 quo
344 3396 470 3461 patema
491 3390 600 3450 domus
617 3391 655 3450 ab
671 3386 804 3449 Antonio
821 3388 1046 3463 possidebatur.

70 3470 104 3531 ln
116 3472 177 3533 hoe
191 3470 279 3547 pacis
291 3472 416 3531 loedere
426 3471 679 3548 placuitSiciliam
687 3472 1078 3547 AclraiamquePompei02

6 3738 67 3820 A.
