2266 3832
93 207 137 269 64
495 214 779 265 memarmons.

94 394 161 436 non
175 372 209 433 in
223 391 326 449 usum,
347 368 393 431 ita
405 367 448 431 ad
461 369 590 453 imperii
603 368 744 453 speciem
759 386 881 450 magna
896 366 1033 431 nomina
1048 366 1100 431 ad·

68 457 234 542 equisisse
250 451 420 539 pulchrum
435 473 473 515 ac
485 451 653 517 decorum:
668 451 714 527 iu
726 448 840 515 eodem
851 458 918 514 tem
942 469 1000 514 ore
1011 449 1100 513 dimi·

95 561 186 604 casse
202 537 289 601 domi
306 557 379 599 cum
396 534 533 616 civibus,
548 535 654 617 sociis,
669 532 849 620 mancipiis,
864 533 920 617 gla
946 533 955 548 ⁰
978 531 1099 597 toribus

69 632 229 720 ototoque
257 622 343 683 inter
370 641 404 682 se
426 626 541 682 senatu
567 628 661 704 turpe
682 626 779 702 atque
798 615 1032 680 miserandum.
1064 636 1100 678 ac

95 726 205 769 nescio
220 726 263 766 an
278 704 378 766 satius
396 701 495 765 suerit
508 701 627 788 populo
642 701 788 765 Romano
803 697 916 764 Sicilia
939 707 974 763 et
987 698 1117 763 Africa⁵

94 796 244 853 contento
267 786 378 866 fuisse,
401 794 457 848 aut
477 785 528 848 his
550 786 679 848 etiami
702 784 748 847 sis
768 803 902 868 parcere
921 781 1101 847 dominanti

93 875 128 935 in
149 870 246 934 Italia
268 890 335 948 sua,
357 890 453 953 quam
474 889 512 932 eo
533 806 766 952 magnitudinis
787 887 945 947 erescere,
968 874 1006 931 ut
1026 866 1101 930 viri-

68 955 154 1027 7bus
177 955 243 1017 suis
265 952 486 1016 conficeretur.
514 973 596 1037 quae
616 952 702 1015 enim
722 970 775 1013 res
796 948 862 1012 alia
881 948 997 1014 civiles
1016 948 1100 1014 furo-

92 1060 144 1104 res
166 1037 293 1122 peperit
318 1056 415 1120 quam
431 1036 551 1098 nimiae
580 1032 777 1098 felicitates?
802 1031 901 1118 Syria
940 1033 1027 1097 rima
1042 1052 1098 1096 nos

92 1124 179 1185 victa
192 1120 343 1204 corrupit,
358 1138 436 1182 mox
450 1119 596 1181 Asiatica
612 1116 806 1201 Pergameni
820 1054 1097 1200 regislereuius.
1107 1130 1126 1171 ¹⁰

66 1205 170 1268 8illae
191 1224 268 1289 opes
290 1212 386 1289 atque
403 1201 537 1265 divitiae
559 1199 715 1265 adflixere
736 1198 859 1265 saeculi
880 1220 998 1281 mores,
1019 1221 1100 1263 mer-

95 1309 227 1373 samque
247 1287 336 1350 vitiis
352 1286 419 1349 suis
441 1286 534 1372 quasi
554 1284 682 1348 sentina
701 1305 771 1348 rem
790 1281 956 1369 publicam
969 1304 1100 1369 pessum

95 1371 223 1436 dedere.
253 1371 339 1434 unde
362 1371 447 1432 enim
466 1369 604 1467 populus
621 1367 786 1432 Romanus
805 1388 826 1430 a
846 1365 987 1431 tribunis
1003 1387 1099 1453 agros

23 1502 33 1519 ,
95 1465 127 1518 et
138 1455 261 1519 cibaria
274 1453 437 1538 flagitaret
452 1450 827 1537 nis1perfamemquam
843 1448 940 1515 luxus
952 1450 1099 1515 fecerat?

93 1539 170 1601 hine
192 1558 269 1620 ergo
293 1536 502 1600 Gracchanae
528 1536 634 1620 prima
656 1544 689 1598 et
707 1534 851 1599 secunda
871 1542 904 1598 et
922 1533 983 1599 illa
1003 1535 1099 1599 tertia
1107 1558 1126 1597 15

65 1619 275 1705 9Apuleiana
291 1619 418 1682 seditio
443 1619 531 1682 unde
548 1618 727 1683 iudiciariis
743 1617 872 1702 legibus
889 1616 1040 1699 divulsus
1059 1617 1100 1682 ab

93 1712 207 1766 senatu
223 1722 320 1786 eques
335 1703 399 1764 nisi
417 1723 460 1765 ex
477 1703 622 1782 avaritia,
645 1709 682 1765 ut
695 1701 870 1785 vectigalia
883 1701 932 1765 rei
947 1700 1100 1787 publicae

93 1795 188 1871 atque
205 1786 276 1870 ipsa
293 1785 414 1848 iudicia
435 1786 469 1848 in
488 1793 624 1870 quaestu
638 1783 857 1850 haberentur?
878 1783 956 1860 binc
970 1783 1099 1849 Drusus

93 1878 125 1933 et
144 1869 303 1952 promissa
331 1869 447 1931 civitas
468 1867 563 1932 Latio
590 1876 622 1932 et
646 1890 705 1954 per
726 1867 789 1933 hoc
816 1889 906 1933 arma
927 1868 1098 1933 sociorum.

50 1965 82 2015 10
114 1952 171 2015 uid
193 1951 323 2016 autem?
350 1950 438 2017 bella
459 1951 592 2016 servilia
619 1951 706 2016 unde
726 1951 820 2016 nobis
842 1952 908 2016 nisi
933 1972 977 2017 ex
997 1950 1128 2023 abun-u

93 1975 204 2101 dantia
215 2035 434 2100 familiarum?
456 2036 542 2100 unde
557 2036 742 2120 gladiatorii
759 2035 934 2099 adversum
950 2035 1099 2101 dominos

94 2143 168 2185 suos
189 2121 359 2200 exercitus,
378 2121 443 2184 nisi
456 2121 499 2184 ad
515 2118 754 2184 conciliandum
770 2118 875 2204 plebis
895 2118 1045 2185 favorem
1056 2119 1100 2184 ei-

94 2206 168 2269 fusa
180 2204 319 2287 largitio,
337 2205 413 2268 dum
424 2204 615 2289 spectaculis
631 2201 797 2287 indulget,
817 2202 978 2288 supplicia
999 2224 1100 2289 quon·

53 2305 83 2354 11
95 2289 169 2352 dam
182 2286 323 2351 hostium
328 2296 429 2351 artem
446 2287 591 2352 faceret?
611 2288 676 2349 iam
686 2296 723 2351 ut
734 2287 930 2385 speciosiora
939 2286 1022 2351 vitis
1031 2295 1100 2351 tan-

92 2393 216 2454 gamus,
238 2392 345 2434 nonne
360 2369 498 2434 ambitus
515 2369 674 2434 honorum
694 2370 735 2435 ab
752 2370 856 2434 rsdem
877 2369 1002 2434 divitiis
1024 2384 1130 2437 con-‘2⁵

52 2453 235 2516 ¹2oitatus?
260 2455 371 2539 atquin
390 2452 466 2516 inde
486 2453 643 2535 Mariana,
665 2455 742 2518 inde
764 2452 897 2518 Sullana
913 2461 1099 2540 tempestas.

93 2544 148 2599 aut
159 2535 349 2619 magnificus
365 2558 405 2621 ap
429 2545 538 2599 aratus
554 2538 778 2602 conviviorum
792 2544 824 2602 et
838 2544 1027 2624 sumptuosa
1039 2539 1100 2603 lar-

53 2625 84 2676 13
118 2620 174 2682 itio
196 2639 262 2681 non
283 2618 324 2683 ab
348 2558 512 2705 opulentia
527 2623 676 2719 paritura
694 2642 772 2686 mox
791 2620 991 2706 egestatem?
1019 2622 1101 2689 haee

94 2639 267 2766 {atilinam
308 2704 410 2766 atriae
427 2725 505 2766 suae
525 2727 560 2767 m
584 2706 660 2788 egit.
688 2704 827 2803 denique
845 2703 903 2768 illa
923 2705 996 2803 ipsa
1012 2707 1100 2791 prin-

92 2786 217 2869 cipatus
235 2794 267 2848 et
284 2725 471 2852 dominandi
486 2727 603 2873 cupido
620 2787 707 2852 unde
719 2790 783 2852 nisr
800 2788 960 2852 exuimus
979 2809 999 2853 o
1023 2788 1097 2855 ibus
1107 2803 1130 2842 ³⁰

93 2869 206 2931 venit?
236 2871 348 2955 atquin
373 2868 454 2934 haec
478 2870 651 2937 Caesarem
672 2880 768 2959 atque
788 2870 996 2956 Pompeium·
1050 2874 1099 2937 fa-

50 2962 83 3012 14
93 2949 177 3015 libus
196 2953 230 3015 in
249 2955 383 3017 exitium
401 2952 450 3019 rei
468 2954 618 3039 publicae
639 2956 765 3020 facibus
786 2955 934 3020 armavit.
961 2953 1021 3021 hos
1039 2958 1100 3041 igi-

92 3041 145 3097 tur
165 3037 268 3098 omnis
289 3037 480 3102 domesticos
500 3048 605 3102 motus
633 3048 796 3126 separatos
820 3037 862 3103 ab
888 3041 1033 3107 externis
1052 3041 1100 3104 in-

93 3118 215 3203 stisque
237 3118 332 3183 bellis
356 3143 399 3185 ex
420 3123 533 3186 ordine
554 3144 792 3209 persequemur.
