2266 3832
108 198 151 263 84
376 198 416 257 ll.
438 199 579 257 VELLEl
600 198 816 259 PATERCULI

111 356 204 431 petiit.
218 354 366 413 Ferocem
380 354 460 412 illam
469 360 513 412 tot
525 352 640 411 milium
652 352 835 411 iuventutem
845 354 1016 426 pauloante
1026 369 1092 413 ser-

113 440 235 499 vitutem
249 437 501 496 minatamltaliae
515 437 721 494 conferentem
734 452 827 507 arma,
842 437 1094 511 qulbusasaerat,

112 523 194 596 apud
208 520 320 581 llumen
336 521 458 579 nomine
469 518 645 590 Bathinum,
659 526 965 593 prosternentemque
978 534 1014 581 se
1027 521 1094 581 uni·

113 621 232 665 versam
241 604 369 679 genibus
385 602 586 675 imperatoris,
595 602 806 676 Batonemque
818 601 1026 674 etPinnetem,
1040 620 1094 665 ex-

113 687 302 748 celsissimos
317 688 422 757 duces,
435 687 723 762 captum[cttcrwn,]
740 688 866 744 alterum
878 702 897 745 a
909 702 945 746 se
956 687 1095 749 deditum

84 795 100 845 5
113 773 199 831 iustis
215 770 418 831 voluminibus
434 770 541 828 ordine
554 769 754 841 narrabimus,
768 777 800 828 ut
814 784 917 843 spero.
939 772 1095 831 Autumno

112 854 246 915 victorin
255 854 382 913 hiberna
388 853 543 912 reducitur
550 852 711 924 exercitus
725 853 813 912 cuius
822 853 963 912 omnibus
972 856 1097 929 copiisa

106 934 1096 1011 GaesareMLepiduspraelectusest‚virnominiaclortunaeCoc-

113 1040 213 1083 sorum
227 1021 392 1096 proximus,
408 1036 499 1095 quem
506 1019 536 1078 in
546 1025 691 1094 quantum
700 1020 832 1095 qrrisque
841 1025 894 1079 aut
906 1036 1096 1094 cognoscere

113 1106 347 1180 autintellegere
362 1104 466 1178 potuit,
482 1104 510 1161 in
523 1110 637 1163 mnium
651 1102 1095 1177 rniraturaccliligittantorum·

115 1190 347 1264 quenominum,
362 1188 473 1263 quibus
487 1197 572 1248 ortus
581 1195 637 1257 est,
653 1195 862 1247 ornamentum
876 1186 1000 1248 iudicat.

86 1284 102 1335 l
198 1272 285 1332 CXV.
331 1272 442 1332 Caesar
458 1272 496 1330 ad
511 1273 637 1330 alteram
652 1270 721 1329 belli
733 1271 890 1331 Delmatici
904 1272 1018 1331 molem
1032 1274 1096 1331 ani-

114 1373 195 1416 mum
211 1363 303 1431 atque
317 1371 401 1415 arma
416 1354 550 1415 contulit.
587 1355 619 1411 ln
638 1372 699 1429 qua
713 1354 841 1428 regione
858 1354 941 1430 quali
955 1356 1097 1417 adiutore

115 1442 277 1515 legatoque
304 1442 396 1499 iratre
416 1455 484 1498 meo
504 1437 605 1511 Magio
628 1438 732 1497 Celere
758 1438 916 1497 Velleiano
942 1455 1020 1500 usus
1049 1440 1096 1513 sit,

114 1522 1096 1599 ipsiuspatrisqueeiuspraedicationetestatumestetarnplissi-

115 1623 232 1667 morum
246 1608 410 1678 donorum,
427 1605 539 1679 quibus
556 1605 744 1680 triumphans
757 1622 827 1666 eum
836 1605 949 1664 Caesar·
960 1607 1096 1679 donavit,

87 1692 217 1763 bsignat
230 1690 385 1748 memoria.
421 1688 509 1747 lnilio
530 1689 655 1748 aestatis
670 1689 805 1763 Lepidus
827 1690 937 1747 educto
958 1689 1096 1749 hibernis

116 1773 251 1832 exercitu
267 1788 322 1847 per
333 1771 431 1846 gentis
443 1773 577 1845 integras
588 1771 791 1845 immunisque
806 1772 907 1831 adhuc
923 1773 1011 1833 clade
1027 1773 1097 1833 belli

116 1863 146 1916 ct
161 1872 198 1914 eo
214 1855 326 1916 lerocis
342 1871 378 1913 ac
394 1855 487 1915 trucis
503 1855 632 1915 tendens
654 1856 694 1914 acl
707 1856 857 1915 Tiberium
880 1855 1098 1929 imperatorem

116 1948 146 2000 et
169 1955 239 1999 cum
264 1939 441 1998 difficultate
466 1940 604 1998 locorum
629 1946 659 1998 et
680 1955 747 1999 cum
764 1939 792 1997 vi
808 1938 940 1999 bostium
954 1941 1096 2012 luctatus,

117 2039 305 2097 magnacum
318 2022 406 2083 clade
418 2022 630 2082 obsistentium
643 2022 756 2082 excisis
769 2023 866 2097 agris,
882 2024 1001 2084 exustis
1014 2025 1098 2084 aedi·

117 2106 210 2181 liciis,
233 2107 332 2166 caesis
348 2106 421 2166 viris
436 2109 533 2166 laetus
549 2107 674 2166 victoria
691 2108 867 2181 praedaque
882 2116 1012 2168 onustus
1027 2124 1098 2183 per·

117 2191 199 2250 venit
223 2191 262 2249 ad
279 2190 455 2262 Caesarem,
481 2196 510 2248 et
532 2189 570 2250 ob
587 2206 624 2249 ea
647 2191 768 2265 quaesi
789 2191 923 2265 propriis
945 2193 1099 2266 gessisset

116 2274 278 2348 auspiciis,
297 2274 481 2348 triumphare
493 2274 653 2346 debuerat,
667 2275 851 2334 ornamentis
864 2275 1097 2349 triumplialibus

118 2359 327 2418 consentiente
342 2374 411 2416 cum
423 2355 534 2417 lanicio
548 2358 718 2432 principum
732 2359 887 2417 voluntate
902 2366 1028 2419 senatus
1043 2360 1097 2420 do

88 2448 203 2503 anolus
218 2449 272 2500 est.
304 2441 358 2499 llla
373 2447 476 2499 aestas
492 2442 613 2498 maximi
630 2441 701 2499 belli
715 2443 937 2502 consummavit
951 2442 1096 2501 effectusz

119 2524 235 2598 quippe
249 2523 394 2582 Perustae
410 2539 445 2581 ac
460 2523 641 2581 Daesitiates
657 2525 811 2583 Delmatae
833 2526 894 2585 situ
907 2526 1043 2586 locorum
1057 2541 1096 2584 ac

117 2607 275 2677 montium,
293 2605 481 2679 ingeniorum
496 2606 625 2677 ferocia,
640 2608 716 2667 mira
727 2607 816 2668 etiam
829 2609 984 2684 pugnandi
996 2610 1096 2669 soien-

118 2689 158 2749 tia
172 2699 201 2750 et
217 2690 381 2764 praecipue
401 2689 549 2763 angustiis
569 2691 699 2749 saltuum
722 2708 821 2766 paene
842 2694 1097 2768 inexpugnabiles

118 2790 177 2832 non
193 2774 251 2832 iam
266 2773 374 2847 ductu,
391 2773 447 2832 scd
462 2774 603 2833 manibus
618 2783 710 2849 atque
726 2777 818 2836 armis
838 2777 936 2851 ipsius
954 2776 1095 2838 Caesaris

117 2865 179 2915 tum
191 2858 312 2917 demum
321 2857 420 2931 pacati
433 2865 516 2932 sunt,
533 2874 601 2918 cum
616 2875 712 2933 paene
727 2861 863 2920 funditus
874 2859 975 2920 eversi
987 2862 1086 2922 lorent

88 2942 104 2993 l
118 2939 194 2999 Nihil
205 2942 234 3000 in
248 2941 306 3001 hoc
318 2948 401 3002 tanto
415 2941 508 3015 bello,
523 2942 595 3001 nibil
607 2944 637 3001 in
646 2943 807 3003 Germania
818 2950 870 3004 aut
881 2945 986 3004 videre
997 2946 1095 3005 maius

118 3032 169 3083 aut
184 3026 283 3083 mirari
299 3025 395 3101 magis
411 3026 510 3099 potui,
530 3043 621 3102 quam
643 3028 729 3100 quod
748 3028 923 3103 Imperatori
938 3046 1096 3105 nunquam

117 3109 195 3167 adeo
224 3109 283 3167 ulla
310 3117 482 3183 opportuna
507 3111 574 3168 visa
597 3118 645 3170 est
669 3110 814 3171 victoriae
835 3111 974 3186 occasio,
1003 3130 1096 3188 quam

117 3190 227 3250 damno
236 3191 340 3251 amissi
350 3193 608 3267 pensaretmilitis,
623 3210 807 3269 semperque
821 3196 1095 3271 visumestglorio-

117 3290 200 3349 sum,
222 3276 305 3349 quod
327 3286 410 3335 esset
431 3277 626 3347 tutissimum,
649 3283 679 3336 et
693 3285 762 3336 ante
783 3280 987 3341 conscientiae
1003 3297 1095 3356 quam

116 3359 215 3417 lamae
231 3361 401 3418 consultum
417 3375 619 3433 necunquam
634 3362 862 3423 consiliaducis
877 3363 989 3424 iudicio
1005 3380 1092 3424 exer·

117 3440 209 3516 cituS,
225 3444 282 3502 sed
297 3444 448 3502 exercitus
465 3444 654 3516 providentia
669 3444 755 3503 ducis
772 3452 872 3506 reatus
889 3455 944 3506 cst.
