2266 3832
142 218 162 280 6
477 217 727 277 EUTROPll

142 384 189 445 ubi
206 383 369 462 plurimum,
392 385 440 444 vix
454 377 545 461 usque
563 382 598 441 ad
617 383 742 460 quintum
760 379 898 439 decimum
910 379 1059 440 miliarium

162 467 313 530 ossideret.

143 485 161 546 p
205 551 293 611 Gau.
306 549 356 610 IX.
370 548 476 627 (Vlll.)
492 550 564 608 Hinc
577 548 710 608 consules
723 565 848 624 coepere
859 564 911 624 pro
923 564 1058 624 unorege

142 636 197 697 duo
211 635 263 695 hao
276 652 360 694 causa
374 636 475 708 creari,
489 642 528 705 ut,
542 635 566 691 si
581 651 652 691 unus
664 630 753 691 malus
766 649 834 690 esse
848 631 998 706 uoluisset,
1017 631 1058 690 al·

141 729 185 781 ter
196 736 259 778 eum
272 719 378 778 habens
391 725 560 795 potestatem
572 716 692 775 similem
704 722 864 774 coerceret.
890 714 926 774 Et
939 714 1057 791 placuit,

141 823 177 863 ne
191 804 338 880 imperium
350 801 480 880 longius,
499 818 580 878 quam
593 817 712 859 annuum
723 800 873 873 haberent,
882 817 919 857 ne
932 816 985 876 per
995 797 1058 856 diu·

140 887 299 948 turnitatem
313 886 461 963 potestatis
474 883 673 944 insolentiores
683 883 878 958 redderentur,
892 883 943 941 sed
956 881 1058 941 civiles

142 986 256 1049 sernper
267 978 375 1045 outoni,
389 969 436 1046 qui
449 986 481 1026 se
492 976 559 1046 post
571 986 671 1026 annum
683 969 788 1025 scirent
800 965 908 1026 futuros
920 983 986 1024 esse
999 968 1058 1042 prl-

73 1059 130 1105 au.
140 1062 231 1115 vatos.
258 1051 384 1113 Fuerunt
395 1053 480 1130 igitur
491 1066 562 1112 anno
575 1053 664 1128 primo
678 1050 806 1128 expulsis
823 1050 941 1126 regibus
953 1066 1045 1107 consu
1089 1114 1093 1118 Α

79 1125 124 1172 ¹⁴⁶·
141 1136 184 1199 les
195 1135 227 1197 L.
239 1134 455 1209 luniusllrutus‚
469 1137 516 1213 qui
528 1135 647 1195 maxime
659 1143 768 1212 egerat,
781 1143 811 1202 ut
819 1133 986 1210 Tarquinius
994 1132 1046 1208 pel

88 1255 92 1266 =
141 1221 257 1296 leretur,
272 1229 300 1281 et
311 1219 478 1299 Tarquinius
495 1216 662 1292 Collatinus,
680 1216 964 1277 marituslrucretiae.
998 1216 1059 1276 Sed

142 1303 293 1386 Tarquinio
307 1302 447 1366 Collatino
461 1305 553 1363 statim
566 1302 674 1362 sublata
687 1311 731 1362 est
749 1301 880 1379 dignitas.
908 1298 1059 1359 Placuerat

141 1390 224 1466 onitu,
242 1406 277 1450 no
291 1390 438 1469 quisquam
452 1389 478 1447 in
491 1387 560 1448 urbe
572 1395 711 1457 maneret,
731 1387 778 1463 qui
790 1383 959 1462 Tarquinius
969 1399 1058 1443 voca-

141 1481 226 1533 retur.
257 1471 335 1551 Eupo
350 1480 471 1548 accepto
483 1472 558 1529 omni
571 1470 738 1546 patrimonio
750 1485 802 1527 suo
815 1487 852 1526 ex
868 1468 938 1525 urbe
952 1468 1058 1543 migra·

141 1557 181 1616 vlt
193 1563 220 1615 ot
231 1552 298 1615 loeo
311 1556 402 1631 ipsius
418 1553 509 1612 iactus
522 1560 565 1610 est
576 1550 706 1610 Valerius
718 1549 863 1610 Publicola
875 1550 983 1610 consul.

204 1635 284 1699 Gau.
297 1636 333 1697 X.
347 1635 429 1715 (IX.)
453 1634 612 1695 commovit
630 1641 723 1692 tamen
744 1633 848 1693 bellum
867 1635 929 1693 urbi
947 1633 1059 1693 Romae

142 1738 191 1781 uox
209 1718 391 1799 'Tarquiulus‚
413 1720 460 1796 qui
478 1718 568 1777 iuemt
593 1716 743 1793 expulsus,
766 1727 794 1776 et
813 1717 944 1777 collectis
960 1716 1059 1776 multis

140 1804 285 1878 pentilus,
299 1811 328 1862 ut
340 1804 367 1862 in
378 1820 496 1880 regnum
509 1809 608 1878 posset
618 1803 739 1876 restitui,
753 1800 904 1860 dimicavit.
928 1799 958 1859 ln
966 1802 1059 1878 prime

143 1903 235 1965 attigua
247 1885 349 1946 Brutus
362 1883 462 1944 consul
476 1894 504 1944 et
523 1883 627 1960 Aruns,
650 1883 792 1963 Tarquinii
810 1885 899 1960 iilius,
922 1886 950 1943 in
960 1886 1059 1944 vicem

141 1986 173 2030 to
186 1968 363 2044 oeciderunt,
377 1968 494 2029 llomani
506 1977 599 2028 tamen
613 1985 649 2027 en
661 1986 694 2028 ea
716 1969 941 2047 pugnavictores
956 1985 1055 2028 reces-

139 2061 244 2114 serunt.
270 2051 384 2113 Brutum
403 2052 546 2113 Romanae
565 2061 724 2121 matronae,
744 2053 926 2113 defensorem
945 2050 1045 2127 pudici

141 2136 195 2197 tiae
208 2153 295 2212 strue,
315 2139 395 2214 quasi
408 2150 584 2197 communem
597 2146 715 2215 patrem,
738 2155 901 2215 perannum
913 2136 1049 2195 luxerunt

71 2230 128 2276 mu.
140 2217 269 2280 Valerius
288 2218 433 2282 l’ubllcola
452 2221 503 2300 Sp.
524 2220 684 2281 Lucretium
700 2219 896 2296 Tricipitinum
913 2218 1059 2295 collegam

75 2295 123 2343 ¹⁴²⁸·
139 2301 193 2364 sibl
211 2301 293 2378 lecit,
312 2302 459 2363 lucretiae
472 2313 595 2381 patrem,
620 2321 677 2381 quo
694 2303 794 2364 morbo
806 2311 935 2378 mortuo,
953 2304 1058 2363 iterum

140 2383 436 2447 lloratluml‘ulvillum
444 2386 583 2465 collegam
590 2387 644 2445 sihi
656 2386 786 2463 sumpsit.
800 2383 840 2444 lta
851 2388 957 2462 primus
965 2404 1058 2447 annus

140 2466 415 2551 ‹pulnqoeoonsulcs
428 2470 533 2545 habuit,
557 2487 620 2527 cum
635 2467 802 2547 Tarquinius
815 2468 970 2529 Collatinus
983 2470 1058 2530 urbe

140 2553 277 2614 oottltset
292 2560 409 2631 propter
424 2569 538 2625 nornen,
551 2552 652 2612 Brutus
664 2552 777 2630 proelio
790 2555 923 2631 perisset,
937 2554 987 2630 Sp.
999 2551 1058 2613 lu·

140 2636 244 2698 orotlut
259 2636 359 2697 morbo
371 2643 497 2696 mortuus
513 2645 601 2696 esset.
957 2690 966 2705 ,

203 2718 253 2782 (la
264 2739 290 2781 a.
303 2717 354 2781 xl.
368 2717 437 2800 (X.)
461 2718 593 2779 Secundo
606 2735 721 2797 quoque
738 2735 810 2778 auno
823 2720 923 2779 iterum
935 2720 1057 2799 Tarqui-

139 2805 211 2878 nius,
231 2811 260 2865 ut
274 2804 451 2882 roolporetur
471 2804 648 2880 inregnum,
673 2801 778 2870 bellum
797 2803 931 2863 Romanis
949 2804 1055 2882 intulit,

139 2885 270 2950 auxillum
278 2888 304 2948 ei
317 2884 568 2964 derentel'orsena,
577 2884 697 2946 Tusciae
706 2903 787 2964 rege,
799 2895 828 2947 et
834 2887 951 2948 Romam
961 2904 1057 2964 paene

72 2984 128 3033 tat.
140 2970 225 3050 oepit.
258 2969 362 3031 Verum
374 2979 441 3031 tune
453 2985 568 3049 quoque
582 2971 675 3030 victus
689 2979 743 3029 est.
776 2970 872 3030 Tertio
890 2988 964 3031 anno
985 2983 1054 3048 post

76 3052 123 3099 ⁹⁴⁰·
139 3070 223 3134 topos
240 3062 357 3115 exactos
371 3052 549 3133 Tarquinius,
577 3072 640 3113 cum
653 3056 760 3132 suscipi
775 3072 830 3115 non
850 3065 950 3133 posset
968 3057 995 3114 io
1007 3075 1054 3114 re-

70 3149 126 3200 atu,
137 3154 232 3217 maor,
245 3154 338 3216 troque
352 3139 378 3198 el
391 3135 526 3213 Porsena,
539 3140 586 3215 qui
599 3154 699 3215 pacem
711 3156 773 3197 cum
785 3139 919 3200 Romanis
931 3140 1052 3218 iecerat,

76 3230 122 3277 ott.
137 3217 267 3284 auxillum
276 3230 442 3299 praestaret,
451 3219 603 3281 Tusculum
617 3240 649 3280 se
662 3221 789 3299 contulit,
807 3224 986 3302 quaecivitas
995 3239 1053 3284 non

137 3301 222 3383 leupo
238 3303 272 3366 ab
285 3303 355 3366 urbe
370 3315 429 3383 ost,
445 3314 529 3384 atque
545 3305 584 3363 ihi
600 3322 653 3382 per
663 3306 875 3382 quatuordecim
888 3323 976 3365 annos
994 3309 1051 3382 prr·

137 3395 218 3448 ratus
231 3406 292 3448 oum
303 3406 393 3451 uxore
405 3389 564 3449 consenuit.
593 3387 699 3462 Quarto
714 3406 787 3448 anno
799 3397 866 3466 post
881 3407 967 3465 reges
985 3408 1045 3449 exa-
