2266 3832
33 251 56 294 x
175 251 178 256 ’
474 233 682 288 PRAEFATIO.

30 390 170 462 pissimum
187 387 243 460 fuit
256 388 354 442 Italiae
368 401 392 441 s.
408 379 496 453 interi.
519 377 551 442 B.
589 384 630 440 (3.
649 403 677 456 p,
692 390 743 453 56,
765 392 799 444 21
815 391 896 442 totam
911 403 967 458 qna
989 388 1126 442 latrssnna

32 478 73 528 est
82 473 175 527 Asiam
188 476 365 542 pervapatur,
383 488 412 541 p.
430 477 477 540 51,
499 478 534 529 20
545 476 598 526 010.
624 471 711 525 Paulo
724 478 788 540 post
799 486 827 527 v.
841 475 873 529 17
884 473 972 524 verba
988 486 1080 543 neque
1095 472 1127 527 id

26 557 95 626 lieri
104 556 224 610 Annibal
231 557 356 620 senserit,
374 571 446 625 queo
460 556 540 610 salva
553 555 688 609 sententia
702 556 803 609 abesse
814 561 959 624 poterant,
974 553 996 607 B
1009 556 1036 608 in
1049 571 1125 610 mar·

30 640 96 710 gine
109 640 206 705 habet,
225 637 277 692 sed
288 636 419 692 videntur
430 653 446 691 a
456 640 546 709 prima
562 655 647 693 manu
658 639 796 708 supplete.
811 669 855 681 -
870 641 918 704 33,
929 642 964 695 31
978 639 1124 710 utriusque

30 723 127 778 classis
142 726 236 776 castra
247 721 295 774 Bl:
313 723 453 793 utriusque
463 729 557 777 castra
576 722 634 778 ΝΟ.
677 721 796 776 Videtur
810 723 909 777 classis
929 721 1022 790 idem,
1043 721 1124 793 quod

29 811 73 860 Psi
95 807 239 869 8336067108.
264 804 433 875 significare.
453 835 496 843 -
516 810 559 874 34,
575 811 608 863 25
621 806 692 862 nelnt
706 806 776 876 Blp:
798 806 879 860 aelati
891 803 950 860 No.
965 835 1007 843 —
1029 809 1074 871 34,
1087 808 1122 864 37

30 899 56 944 et
77 891 139 958 ipsa
161 888 224 944 No:
255 888 375 957 adipso
400 889 421 941 B
446 889 522 955 (ante
547 890 586 943 ad
604 891 741 944 vocabulo
763 890 876 956 eraso),
903 894 929 942 et
952 889 990 942 ad
1009 891 1073 958 ipsa
1093 889 1120 956 1;

30 974 60 1028 id
75 978 116 1027 est
132 973 194 1040 ipsa
210 970 429 1026 Freinshemius.
451 1001 495 1010 -
513 977 562 1039 35,
579 977 596 1030 6
612 979 638 1026 et
655 974 687 1040 (i.
702 991 726 1026 e.
748 975 841 1040 etiam)
853 971 1063 1027 Lacedaemona
1081 972 1120 1027 B:

30 1061 56 1112 et
79 1069 134 1111 om.
147 1055 171 1109 N
174 1054 206 1111 0.
250 1055 293 1110 Ab
306 1055 419 1125 ingenio
430 1055 504 1110 Flori
517 1071 573 1109 non
594 1056 706 1110 videtur
721 1057 870 1111 abhorrere
883 1055 978 1110 addito
995 1061 1021 1110 et
1030 1056 1120 1110 Laee-

31 1141 170 1196 daemona
182 1145 292 1209 praeter
306 1138 429 1209 reliquas
444 1141 527 1193 urbes
540 1141 684 1194 extulisse.
695 1168 732 1179 -
744 1144 787 1207 35,
799 1141 833 1197 37
844 1139 1123 1209 imperahrdnnibat

31 1223 183 1294 HauptIus:
202 1225 285 1278 miser
295 1222 414 1278 Annibal
423 1222 504 1278 BNO.
522 1221 562 1276 Gi.
574 1222 663 1279 Iahnii
674 1225 763 1294 prael.
779 1240 808 1293 p.
820 1222 933 1277 XXVII.
954 1252 997 1261 —-
1013 1226 1064 1289 36,
1085 1230 1120 1281 14

29 1310 121 1379 aliquo
132 1306 164 1376 B,
176 1309 266 1362 littera
277 1307 297 1361 d
310 1314 375 1377 post
389 1323 405 1362 o
418 1307 618 1377 superscripta.
630 1337 673 1348 —
684 1311 719 1364 36
728 1350 734 1374 ,
744 1312 821 1364 2500
834 1305 886 1361 sibi
894 1307 1026 1375 placeant
1034 1306 1119 1361 Athe-

28 1405 92 1457 nae,
104 1392 133 1444 in
146 1390 276 1446 Antiocho
290 1392 401 1446 vicimus
417 1390 536 1454 Xerxen
548 1391 724 1462 iuterpunx13
738 1390 759 1445 0
775 1396 839 1460 post
845 1389 967 1445 Athenae
978 1406 1040 1443 cum
1050 1387 1120 1444 See·

28 1474 113 1529 bodio
131 1473 306 1529 exclamandi
325 1474 436 1544 signum
448 1474 551 1543 posuit.
562 1504 604 1513 —
620 1479 670 1540 36,
684 1477 718 1531 27
728 1473 896 1528 Alcibiadem
907 1472 929 1526 B
939 1487 946 1526 τ
957 1473 1120 1529 Alcibiaden

27 1556 87 1614 No.
106 1586 147 1596 -
163 1560 208 1623 36,
223 1560 257 1614 37
270 1557 440 1611 haecomnia
454 1557 492 1610 B:
514 1556 583 1611 haec
595 1574 650 1612 om.
664 1556 722 1612 ΝΟ.
741 1585 777 1596 -
801 1559 845 1623 37,
869 1561 903 1614 13
915 1558 1053 1626 omnisque
1063 1558 1119 1612 late

27 1639 220 1710 Cephallenia,
234 1639 388 1711 Zacynthos
399 1670 441 1680 —
454 1639 571 1694 —beili
583 1643 703 1695 accessio
715 1638 833 1711 fuerunt
843 1639 1062 1695 Freinshemius.
1075 1669 1120 1680 -

24 1726 72 1791 37,
86 1728 121 1781 31
133 1730 162 1777 at
178 1727 252 1777 certe
266 1728 380 1794 nepatus
394 1721 431 1777 0:
452 1723 506 1777 hac
519 1729 599 1793 perte
612 1723 770 1795 nepotumB
783 1727 869 1792 (corr.
881 1725 909 1777 in
921 1729 1018 1794 aperte
1031 1738 1117 1795 nepa·

27 1808 93 1875 tus),
110 1812 183 1861 certe
196 1813 311 1877 nepotas
322 1807 356 1860 N.
384 1805 521 1875 Equidem
535 1807 644 1861 malim:
656 1808 830 1870 dubiumesa
850 1813 924 1862 certe
933 1810 1048 1878 nepotas
1063 1814 1118 1861 ete.

27 1917 70 1927 -
90 1893 134 1956 38,
147 1896 181 1947 10
191 1896 317 1960 stuprum
325 1903 413 1959 passa
428 1889 479 1943 IN:
498 1904 586 1959 passa
601 1907 655 1944 om.
667 1891 698 1958 B,
716 1891 790 1946 unde
804 1890 974 1960 Ostuprata,
997 1890 1117 1944 lectione

26 1971 154 2027 Iordanis
168 1975 306 2044 neglecta.
323 2002 366 2013 -
388 1976 439 2040 38,
460 1979 493 2031 12
509 1974 548 2027 ad
564 1976 691 2029 maritum
703 1974 753 2028 BI:
773 1974 811 2028 ad
825 1976 951 2029 maritum
965 1989 1044 2028 suum
1056 1973 1117 2029 ΝΟ.

25 2083 69 2095 ·-
85 2061 127 2126 38,
145 2062 179 2114 20
194 2059 223 2111 in
239 2073 284 2112 res
298 2072 364 2112 suas
377 2055 397 2112 Ο
412 2056 561 2114 madeat:
577 2061 605 2111 in
620 2060 695 2114 inires
710 2073 776 2113 suas
786 2059 843 2112 BN.
858 2058 900 2096 -‘-
914 2062 969 2124 30,
988 2057 1121 2112 40οἰ00νί

25 2141 155 2211 retipione
172 2141 235 2196 BN:
251 2142 358 2197 delubri
370 2141 499 2212 retipione
516 2140 537 2196 0
556 2158 591 2195 ex
605 2143 678 2196 coni.
690 2143 779 2198 Tollii.
805 2142 842 2196 At
854 2140 929 2195 nulla
941 2156 1027 2195 eausa
1038 2140 1119 2195 vide-

26 2228 78 2290 tur,
90 2240 138 2277 eur
150 2225 232 2279 lectio
246 2226 329 2280 codd.
342 2226 509 2279 immutetur.
535 2226 582 2279 Ait
593 2227 707 2279 Florus:
724 2227 825 2280 Perses
837 2225 928 2280 vietus
941 2225 1011 2295 sugit
1021 2224 1048 2278 ln
1061 2239 1119 2278 ma-

26 2306 68 2359 ria
92 2307 265 2378 insulamque
285 2307 488 2364 Samothracen
511 2309 596 2362 fretus
620 2310 721 2363 celebri
741 2310 877 2379 religione
896 2308 1020 2375 insulae,
1045 2323 1117 2378 quae

24 2374 89 2463 broit
106 2387 194 2461 νῆσος
215 2393 355 2461 appellata
375 2392 417 2458 (v.
435 2388 517 2446 Diod.
537 2391 587 2456 Ill,
606 2394 653 2458 55)
673 2398 768 2446 saneta
792 2391 955 2447 hebebatur.
1000 2389 1118 2446 Accedit

24 2470 102 2541 quod
113 2473 196 2541 paulo
210 2481 274 2542 post
288 2475 387 2529 Florus
401 2473 528 2542 scripsit:
546 2473 580 2527 ab
592 2475 637 2529 iilo
648 2492 699 2546 qno
712 2475 878 2547 confuperat
894 2477 1038 2545 templo,
1062 2491 1117 2528 non

24 2554 180 2609 delubro.
194 2585 235 2594 -
250 2561 294 2623 39,
312 2562 329 2615 9
341 2558 402 2611 tort.
416 2571 567 2627 nomenque
581 2559 609 2610 ia
623 2559 736 2628 epistola
753 2565 861 2614 notaret
876 2576 955 2615 suum
967 2591 1006 2600 -
1020 2563 1063 2625 39,
1084 2565 1116 2616 11

23 2640 52 2691 in
69 2638 191 2692 tribunal
200 2643 303 2710 recepit
314 2640 352 2694 H:
379 2642 407 2694 in
420 2640 550 2694 tribunali
563 2655 621 2695 rec.
634 2641 698 2709 BO;
712 2644 742 2697 in
752 2644 879 2713 templum
891 2657 947 2698 rec.
960 2643 994 2697 N.
1017 2673 1052 2682 -
1072 2646 1116 2710 39,

19 2725 58 2777 32
77 2719 224 2789 Scodram]
246 2724 384 2778 scoridam
407 2722 429 2775 B
450 2740 549 2778 rasura
572 2742 606 2778 ex
626 2727 783 2781 scoriadam
802 2755 845 2767 ·—
862 2731 910 2795 40,
933 2728 948 2783 7
970 2725 1118 2796 Philippus

24 2803 130 2858 Persae
138 2806 213 2874 fitius
223 2807 261 2860 B:
278 2808 420 2877 philippus
431 2821 468 2860 ea
478 2809 649 2863 similitudine
662 2809 780 2880 philippi
785 2811 1005 2882 pseudofilippus
1018 2810 1043 2863 N
1054 2825 1061 2876 ;
1079 2824 1117 2863 00

22 2888 195 2942 similitudine
212 2890 335 2961 Phihppi
347 2891 455 2944 Persae
466 2892 519 2968 fili
534 2891 775 2964 nreudophilippus
794 2894 825 2949 Ο.
847 2924 889 2934 -
902 2900 946 2959 40,
965 2898 998 2950 12
1019 2893 1117 2949 inuali-

22 2970 90 3037 dus,
105 2973 203 3042 quique
217 2990 271 3028 non
289 2993 306 3029 0
321 2977 392 3031 ueris
403 2973 503 3044 repibu.
551 2975 574 3029 rb
589 2977 633 3030 illo
645 2979 806 3048 imapinaria
819 2985 845 3033 et
853 2994 877 3039 s.
890 2991 955 3048 reae
969 2980 1117 3047 superatas

22 3055 100 3107 estH
123 3057 276 3112 seeundum
294 3057 501 3113 Nlommseriuw
536 3059 582 3128 qui
596 3062 757 3130 proposuit:
776 3063 879 3114 ‘rad-¹⁰
917 3067 949 3115 ’st
966 3059 1001 3114 ab
1014 3061 1058 3115 illo
1075 3088 1117 3098 -

23 3165 64 3175 —
81 3141 255 3208 superatas):
277 3143 427 3210 invalidus?
453 3173 455 3178 ·
503 3161 509 3174 ⁴
535 3144 605 3182 ...um
625 3159 668 3199 tae
689 3145 725 3198 N*
745 3162 770 3190 u.
828 3181 833 3186 -
855 3173 887 3213 r..
907 3160 962 3199 om.
980 3143 1016 3210 B)
1043 3145 1117 3199 aeris

26 3221 134 3291 repibus
152 3224 203 3277 sed
218 3224 252 3278 ab
274 3228 318 3281 illo
335 3229 416 3296 imap.
440 3253 445 3266 r
547 3257 566 3298 e,
631 3243 679 3270 ...0
748 3257 749 3261 κ
849 3232 883 3266 '²⁰
923 3245 970 3282 sm.
991 3228 1029 3294 N)
1048 3226 1097 3280 BN
1107 3242 1114 3292 ;

22 3304 167 3375 inualidus,
190 3313 271 3379 atque
288 3328 341 3365 raon
359 3324 536 3379 00109000
559 3325 565 3342 ‘
630 3333 637 3342 ·
681 3329 683 3342 .
835 3341 852 3350 -·
939 3311 991 3366 rO.
1011 3339 1055 3350 -—
1071 3313 1115 3377 40,

1 3390 595 3450 .140000010107010οΒε0000010100..οιιο
629 3413 631 3422 ·
829 3425 837 3430 ·=
877 3418 911 3467 ,n
948 3394 1008 3449 scil.
1029 3393 1115 3460 duee)

21 3473 103 3522 mi⁴⁶⁴¹¹
137 3490 147 3506 ¹⁶
167 3475 276 3514 duan·
296 3479 366 3522 «sind
376 3481 464 3518 minus
478 3493 493 3518 n
518 3479 562 3518 uin
590 3479 621 3509 Ν·
737 3517 741 3521 ,
875 3485 899 3521 'A
914 3505 921 3510 ·
935 3477 1060 3533 ominibus
1074 3477 1113 3532 B:
