2266 3832
432 199 569 257 LIBER
593 201 633 255 lll.
953 195 996 260 39

82 368 143 445 pias
154 384 191 425 ex
202 366 277 426 omni
290 381 379 442 regno
395 363 549 424 adduxerat
565 362 757 438 Mithridates,
776 379 840 421 cum
850 382 907 422 m
918 362 994 424 milia

81 451 235 510 lectissima
247 450 325 526 regis
337 465 354 508 a
366 449 491 526 quinque
503 447 615 506 milibus
627 447 817 507 Romanorum
828 455 935 506 vastata
948 465 993 506 es·

81 543 154 610 sont,
168 532 344 593 Mithridates
356 532 469 609 lagatus
482 539 526 590 est
537 540 566 590 et
577 540 668 591 castra
680 533 742 590 eius
754 530 872 607 direpta.
895 529 993 590 Arme·

80 620 126 678 nia
138 633 253 696 quoque
264 617 365 692 minor,
379 633 462 693 quara
475 622 614 691 tenuerat,
627 615 719 674 eidem
730 614 841 673 sublata
852 623 906 673 est.
926 615 994 674 Sus.-

81 710 182 801 oeptps
198 709 291 760 tamen
306 708 351 758 est
365 698 540 759 Mithridates
559 708 626 776 post
643 699 738 776 lugam
755 716 770 757 a
787 695 919 775 Tigrane,
941 698 994 758 Ar·

80 786 191 845 meniae
208 802 296 862 rege,
319 785 442 861 quitum
461 784 569 860 ingenti
590 782 681 860 gloria
697 781 868 859 imperabat,
892 780 994 842 Persas

81 886 170 947 saepe
186 870 309 943 vicerat,
329 865 564 945 Mesopotamiam
585 873 777 944 occupaverat
797 875 827 926 et
842 866 952 942 Syriam
967 876 995 926 et

81 953 240 1013 Phoenices
253 960 369 1029 partem.

145 1037 232 1096 (lar.
250 1033 301 1095 lX.
330 1034 409 1113 Ergo
430 1033 563 1094 Lucullus
581 1042 716 1112 repetens
734 1033 847 1092 hostem
868 1033 994 1110 iugatum

83 1123 166 1181 etiarn
174 1138 292 1198 regnum
304 1117 443 1198 Tigranis,
457 1120 505 1197 qui
516 1117 655 1184 Armeniis
670 1117 834 1196 imperabat,
847 1118 993 1195 ingressus

82 1213 136 1264 est.
159 1203 371 1282 Tigranocerta,
388 1204 530 1262 civitatem
543 1202 718 1279 Aruaneme,
735 1200 938 1262 nobilissimam
949 1220 993 1261 re·
982 1216 1031 1257 -n
1034 1213 1061 1259 ιι.

82 1308 163 1370 gnr
123 1288 301 1347 Armeniaci
308 1288 422 1364 ,oepit,
436 1288 529 1363 ipsum
540 1304 639 1364 regem
651 1303 713 1345 cum
725 1287 869 1345 sexcentis
882 1286 993 1345 milibus
1004 1282 1052 1326 ⁰⁸³·

83 1371 298 1430 clibanariorum
316 1378 466 1430 etcertum
478 1369 590 1429 milibus
605 1371 811 1448 sagittariorum
829 1378 857 1428 et
874 1379 993 1429 ennato·

82 1473 143 1514 rura
153 1456 314 1514 venientem
326 1472 398 1514 xvrn
411 1453 486 1514 milia
496 1454 615 1514 militum
627 1454 734 1514 habens
746 1456 784 1513 ita
794 1455 880 1529 vicit,
898 1461 928 1511 ut
937 1471 993 1512 ma·

81 1557 166 1616 gnam
183 1547 290 1616 partem
308 1537 503 1598 Armeniorum
520 1538 667 1599 deleverit.
707 1536 776 1597 Inde
797 1536 908 1598 Nisibin
928 1553 994 1615 pro·
1006 1557 1061 1600 no.

83 1623 175 1682 iectus
190 1641 252 1682 earn
270 1639 386 1701 quoque
405 1624 545 1683 civitatem
558 1641 620 1682 cum
631 1624 710 1702 regis
725 1623 811 1682 iratre
822 1623 907 1700 cepit.
936 1620 995 1680 Sed
1005 1623 1051 1666 Μ

82 1708 114 1782 ii,
127 1723 200 1785 quos
211 1709 240 1765 irr
254 1705 343 1765 Ponto
359 1705 491 1765 Lucullus
502 1706 656 1785 reliquerat
672 1725 735 1766 cum
747 1709 889 1767 exereitus
902 1715 993 1784 parte,

83 1799 113 1849 nt
123 1791 259 1868 regiones
269 1792 359 1849 victas
370 1799 398 1849 et
416 1793 469 1849 iarn
480 1790 669 1850 Romanorum
680 1800 834 1865 tuerentur,
846 1790 994 1868 negligen-

83 1883 127 1932 ter
146 1892 179 1933 se
197 1882 226 1932 et
242 1891 326 1933 avare
342 1883 460 1951 agentes
481 1876 662 1933 occasionem
682 1877 783 1934 iterum
797 1873 949 1934 Mithridati
966 1873 994 1932 in

83 1957 200 2018 Pontum
212 1957 380 2035 irrumpendi
394 1956 547 2033 dederunt,
571 1967 655 2036 atque
666 1959 703 2017 ita
715 1957 820 2017 bellum
830 1966 994 2018 renovatum

84 2050 137 2100 est.
159 2040 276 2100 Lucullo
288 2043 395 2117 paranti
408 2049 490 2117 capta
501 2040 593 2100 Nisibi
609 2051 706 2101 contra
717 2039 819 2100 Persas
836 2041 993 2120 expeditio·
1005 2061 1060 2103 no.

82 2142 146 2183 nem
157 2140 312 2184 successor
323 2132 368 2182 est
382 2141 495 2182 mrssus
1006 2128 1053 2171 666
1090 2128 1097 2136 ”

146 2208 232 2267 Ger.
244 2207 279 2268 X.
293 2205 401 2287 (Vlll.)
423 2206 504 2266 Alter
522 2216 615 2266 autern
627 2206 778 2283 Lucullus,
802 2226 849 2285 qur
842 2206 994 2266 Macedo
1006 2231 1062 2276 gu,

81 2294 154 2352 niam
170 2291 388 2367 administrabat,
400 2291 499 2350 Bessis
512 2293 617 2390 primus
629 2291 819 2350 Romanorum
831 2289 922 2350 intulit
933 2289 993 2349 bel·
1005 2301 1041 2344 stt

81 2374 138 2435 lum
156 2385 241 2454 atque
252 2390 304 2435 eos
315 2377 421 2455 ingenti
437 2375 573 2454 proelio'
565 2394 592 2434 nr
604 2373 711 2435 Haemo
728 2384 823 2441 monte
842 2375 994 2452 superavit.

82 2458 224 2538 Oppidum
235 2459 432 2536 Uscudamam,
452 2460 528 2538 quod
538 2458 623 2518 Bessi
634 2459 804 2535 habitabant,
819 2458 921 2518 eodem
933 2457 992 2534 die,

82 2561 138 2621 quo
151 2562 307 2621 aggressus
320 2552 374 2620 est,
389 2545 469 2620 vicit,
484 2543 609 2620 Cabylen
625 2545 712 2621 oepit,
733 2561 826 2621 usque
837 2543 995 2603 Danubium
1065 2543 1068 2547 ’

80 2630 248 2705 penetravit.
269 2626 339 2688 Inde
354 2627 454 2688 multas
465 2627 795 2706 supraPontumpositas
807 2629 936 2686 civitates
946 2644 994 2703 ag·

80 2729 198 2788 gressus
212 2721 266 2771 est.
300 2711 362 2771 lllic
373 2711 554 2789 Apolloniam
566 2713 677 2786 evertit,
699 2709 822 2781 Calatia,
842 2709 995 2770 Partheno·

80 2793 169 2870 polin,
183 2793 299 2871 Tomos,
311 2794 451 2871 Histrum,
472 2795 658 2856 llurziaonem
674 2797 753 2873 cepit
774 2794 910 2872 belloque
928 2810 996 2853 corr·

80 2877 158 2937 lecto
174 2878 291 2938 Romam
302 2879 396 2939 rediit.
415 2879 507 2938 Ambo
518 2889 575 2939 tum
587 2880 838 2957 triumphaverunt,
850 2875 994 2954 Lucullus,

80 2963 128 3040 qni
141 2970 237 3022 contra
247 2961 426 3024 Mithridaten
437 2972 622 3043 pugnaverat,
635 2964 734 3023 maiori
745 2962 848 3041 gloria,
862 2980 924 3020 curn
935 2969 994 3020 tan·

78 3054 170 3105 torum
180 3063 332 3124 regnorum
343 3049 436 3107 victor
445 3047 578 3106 redisset.

143 3130 229 3190 (ihr.
241 3129 291 3190 Xl.
306 3129 388 3211 (IX.)
413 3129 552 3190 Confecto
565 3130 642 3190 bello
654 3128 852 3205 Macedonico,
865 3136 995 3188 manente

78 3211 284 3289 Mithridatico,
306 3213 384 3292 quod
401 3213 555 3273 recedente
569 3212 687 3273 Lucullo
703 3232 754 3273 rex
770 3212 901 3273 collectis
918 3213 995 3272 anxi·

78 3295 123 3355 liis
135 3305 325 3376 reparaverat,
339 3296 444 3356 bellurn
457 3294 598 3358 Creticum
611 3306 702 3357 ortum
715 3306 768 3358 est.
796 3297 839 3356 Ad
852 3295 879 3355 id
891 3298 995 3355 missus
1006 3317 1059 3360 nn,

79 3380 115 3453 Q.
129 3379 271 3441 Caecilius
290 3379 423 3440 Metellus
443 3382 605 3458 ingentibus
621 3380 740 3457 procliis
758 3383 829 3439 intra
847 3380 994 3439 trienninm
1008 3383 1055 3428 666·
