2266 3832
110 194 151 257 98
466 209 572 259 raom
589 210 755 259 armoni.

84 370 206 427 acutus
226 360 405 442 Antonius,
434 360 491 424 sed
517 359 640 425 instare
666 362 816 447 vestigiis
844 360 982 427 Caesar.
1009 364 1113 451 itaque

111 466 172 544 nee
192 452 385 530 praeparata
405 445 441 507 in
467 442 634 542 Oceanum
658 444 739 591 ἦιξα
764 466 826 509 nec
847 448 977 544 munita
998 449 1113 534 praesi-

113 530 176 593 dns
197 537 333 613 utraque
353 528 500 612 Aegyptr
520 548 657 610 cornua,
712 536 916 594 araetcmum
936 540 1038 629 atque
1057 529 1112 594 Pe

112 612 245 692 lusium,
266 611 438 696 profuere:
457 631 559 709 prope
578 632 679 675 manu
698 610 905 677 tenebantur.
932 634 1027 699 prror
1054 612 1112 677 fer-

111 717 182 759 rum
211 696 381 780 occupavit
406 693 583 775 Antomus,
616 694 732 779 regina
764 696 809 761 ad
833 694 936 781 pedes
967 695 1131 761 Caesaries

111 778 285 863 provoluta
300 779 472 862 temptavit
482 777 593 842 oculos
609 777 713 843 ducis.
735 778 860 843 frustra
892 778 1023 863 uidem,
1044 801 1114 843 nam

72 882 106 935 10
114 860 321 1008 pulchritudo
349 859 436 924 infra
462 859 653 945 pudicitiam
680 861 837 947 principis
902 862 938 927 ’t.
967 884 1030 927 nec
1063 862 1115 927 illa

138 945 259 1026 evita,
283 965 366 1091 puae
387 943 596 1026 offerebatur,
618 942 678 1009 sed
704 945 745 1009 de
766 953 861 1044 parte
877 946 976 1031 regni
993 944 1113 1011 labora-

112 1028 179 1092 bat.
238 1049 281 1092 uo
330 1027 388 1091 ubi
414 1027 601 1112 desperavit
632 1050 655 1091 a
679 1028 827 1115 principe
858 1030 1051 1117 servarique
1083 1050 1114 1092 se

112 1113 232 1196 triump
257 1133 276 1175 o
298 1111 396 1192 vidit,
419 1111 632 1176 incautiorem
643 1119 763 1175 nancta
775 1110 959 1178 custodiam
976 1112 1013 1177 in
1030 1131 1129 1177 man-1

72 1194 241 1260 11soleum
262 1214 297 1259 se
318 1194 503 1280 (sepulchra
530 1215 567 1258 re
673 1195 722 1259 sic
745 1194 879 1279 vocant)
903 1216 942 1261 re
1003 1196 1040 1261 it.
1073 1195 1116 1261 ibi

113 1279 289 1360 maximos,
311 1287 348 1342 ut
366 1277 507 1358 solebat,
523 1279 558 1340 in
580 1286 638 1341 uta
653 1277 759 1343 cultus
774 1280 812 1341 in
825 1277 985 1345 referteo
1009 1278 1115 1346 oribus

115 1362 197 1428 solio
216 1363 310 1425 iuxta
331 1384 425 1427 suum
446 1382 482 1424 se
502 1360 685 1425 conlocavit
701 1361 897 1447 Antonium,
916 1360 1116 1451 admotisque

114 1446 157 1510 ad
185 1465 288 1510 venas
315 1443 520 1530 serpentibus
546 1444 593 1508 sic
618 1453 723 1510 morte
750 1445 844 1533 quasi
871 1466 987 1511 somno
1015 1446 1115 1511 soluta

115 1539 174 1593 est.
1122 1542 1130 1581 ¹

44 1630 111 1698 1111,
128 1614 168 1675 12
210 1611 275 1675 Hic
292 1611 366 1675 finis
384 1634 548 1679 armorum
563 1610 725 1676 civilium:
747 1610 875 1699 reliqua
890 1610 1054 1679 adversus
1066 1635 1116 1679 ex·

114 1703 200 1759 teras
227 1705 356 1777 gentes,
385 1715 468 1780 quae
499 1695 646 1760 districto
675 1696 762 1759 circa
786 1694 873 1759 mala
897 1716 960 1761 sua
983 1696 1115 1784 imperio

89 1777 256 1841 adiversis
279 1776 367 1841 orbis
389 1779 454 1842 oris
477 1776 669 1843 emicabant.
689 1799 775 1844 nova
816 1778 916 1865 uippe
939 1800 1026 1877 pax,
1046 1800 1117 1845 nec·

116 1861 192 1924 dum
214 1860 369 1924 adsuetae
391 1860 492 1925 frenis
516 1861 683 1925 servitutis
703 1861 785 1927 tumi
829 1881 847 1924 e
868 1871 1018 1947 gentmm
1030 1862 1117 1927 infla-

90 1953 231 2029 3taeque
253 1945 396 2009 eervices
418 1944 460 2009 ab
476 1944 617 2031 inposito
638 1966 743 2030 nuper
757 1946 834 2031 iugo
853 1944 1056 2012 resiliebant.
1077 1946 1133 2011 ad

117 2030 370 2113 septentrionem
397 2049 557 2095 conversa
581 2026 683 2093 senne
707 2027 806 2114 plaga
826 2026 969 2093 ferocius
991 2028 1118 2115 agebat,

115 2111 242 2194 Norici,
264 2112 387 2219 Illyrii,
408 2112 585 2194 Pannonii,
608 2110 798 2193 Delmatae,
823 2109 946 2194 Moesi,
975 2110 1119 2179 Thraces

118 2204 151 2261 et
169 2195 269 2279 Daci,
293 2195 458 2263 §armatae
477 2205 574 2283 atque
597 2194 764 2261 Germani.
1068 2237 1070 2240 >

333 2326 448 2392 XXII.
470 2326 656 2392 BELLVM
675 2326 893 2393 NORIGVM.

90 2467 109 2515 4
202 2444 331 2509 Noricis
358 2447 483 2511 animos
506 2446 608 2531 Alpes
631 2445 766 2531 dabant,
792 2447 887 2533 quasi
907 2445 944 2511 in
970 2452 1069 2535 rupes
1088 2456 1119 2513 et

118 2528 211 2590 nives
233 2527 356 2592 bellum
377 2551 443 2594 non
487 2538 575 2593 osset
595 2531 788 2615 ascendere;
818 2530 877 2596 sed
897 2552 1010 2597 omnes
1032 2530 1120 2597 illius

118 2611 261 2674 cardinis
281 2612 435 2697 populos,
457 2550 622 2695 dreunos,
651 2613 781 2680 Cennos
802 2623 899 2701 atque
919 2614 1119 2697 Vindelicos,

92 2705 176 2840 oper
194 2695 385 2793 privignum
406 2719 500 2762 suum
519 2696 693 2763 Claudium
713 2697 859 2763 Drusum
877 2698 1019 2783 pacavit.
1039 2720 1122 2785 quae

133 2785 218 2840 uerrt
236 2776 432 2862 Alpinarum
458 2783 604 2866 gentium
631 2781 761 2863 feritas,
787 2780 884 2847 facile
911 2790 963 2847 est
987 2780 1044 2847 vel
1063 2803 1122 2869 per

117 2860 272 2925 mulieres
300 2862 486 2946 ostendere,
520 2887 604 2951 quae
631 2864 856 2930 deficientibus
881 2864 957 2929 telis
976 2864 1119 2931 infantes

118 2964 195 3007 suos
217 2944 365 3009 adflictos
386 2946 477 3011 humi
497 2949 532 3012 in
553 2970 610 3015 ora
631 2948 772 3013 militum
789 2948 929 3014 adversa
949 2950 1120 3015 miserunt.

306 3077 439 3143 XXIII.
462 3079 648 3147 BELLVM
669 3078 930 3145 ILLYRIOVM.
1016 3118 1019 3125 ·

92 3213 110 3264 t
203 3195 310 3282 Illyrii
332 3219 460 3345 quopue
482 3198 542 3263 sub
564 3200 704 3300 lllpibus
730 3207 831 3284 agunt
851 3199 998 3297 imasque
1019 3198 1123 3297 valles

120 3301 230 3345 earum
253 3289 285 3343 et
308 3302 390 3365 quae
415 3304 467 3345 am
486 3305 579 3368 quas1
600 3285 742 3347 claustra
763 3282 948 3346 custodmnt
974 3279 1121 3367 abruptrs

117 3363 315 3428 torrentibus
326 3364 489 3449 inplicata.
511 3370 546 3430 in
559 3367 619 3432 hos
638 3365 879 3438 expeditionem
895 3367 965 3450 ipse
977 3366 1114 3451 sumpsit

101 3446 256 3510 tfiarinue
267 3456 379 3518 pontes·
393 3449 571 3514 imperavit
596 3451 639 3506 lsi.
685 3462 703 3494 ..t
721 3451 812 3506 curris
831 3459 861 3502 at
877 3448 969 3510 ltntst'a
985 3446 1117 3513 turban-
