2266 3832
146 229 167 291 4
493 233 736 290 EUTROPli

209 396 296 457 Car.
312 393 349 453 11.
363 393 417 473 (1.)
442 394 561 456 Condita
580 399 704 473 civitate,
720 415 803 475 quam
822 415 859 457 ex
872 398 986 456 nomine
1005 415 1060 456 suo

145 480 262 540 Romam
272 480 396 554 vocarit,
410 480 481 539 haec
494 479 556 538 fere
568 481 637 557 egit.
663 480 868 539 Multitudinem
881 477 1060 540 finitimorum

145 567 173 624 in
186 567 328 623 ciuitatem
338 565 459 640 recepit,
480 572 592 622 centum
605 583 641 622 ex
657 564 818 623 senioribus
831 564 916 641 legit,
939 583 1060 642 qnorum

145 647 267 707 consilio
280 647 371 708 omnia
384 656 499 723 ageret,
517 665 589 725 quos
610 657 756 706 senatores
775 650 927 707 nominavit
942 658 1062 725 propter

146 739 330 790 senectutem.
355 729 441 797 Tum,
466 749 529 789 cum
541 748 646 790 uxores
658 733 723 808 ipse
735 740 763 791 et
782 731 904 809 populus
917 751 985 790 suus
1003 749 1062 791 uon

144 812 293 889 haberent,
311 815 438 872 invitarit
454 813 490 873 ad
505 815 699 892 spectaculum
716 814 845 874 ludorum
862 817 969 875 vicinas
981 816 1060 874 urbis

146 899 254 957 Romae
268 900 408 973 nationes,
424 908 509 976 atque
522 917 618 957 earum
631 901 757 975 virgines
769 901 870 976 rapuit.
904 898 1061 958 Commotis

146 981 231 1040 bellis
248 991 366 1058 propter
377 991 518 1059 raptarum
534 984 672 1058 iniuriam,
691 980 885 1042 Caeninenses
896 985 981 1057 vicit,
1002 983 1060 1043 An·

146 1073 297 1138 temnates,
324 1065 529 1141 Crustuminos,
557 1067 694 1141 Sabinos,
718 1065 887 1142 Fidenates,
910 1065 1060 1126 Veientes.

145 1148 225 1208 Haec
243 1151 335 1208 omuia
355 1149 461 1226 oppida
478 1151 576 1214 urbem
594 1152 717 1226 cingunt.
748 1149 785 1208 Et
803 1168 865 1209 cum
885 1159 946 1209 orta
964 1151 1060 1210 subito

145 1241 317 1309 tempestate
333 1250 390 1292 uon
411 1237 633 1310 comparuisset,
656 1249 727 1292 anuo
748 1236 829 1310 regni
847 1236 994 1311 trigesimo
1014 1253 1061 1292 se-

147 1319 235 1392 ptimo
249 1317 284 1375 ad
297 1315 366 1375 deos
373 1319 510 1376 transisse
520 1317 644 1376 creditus
655 1327 699 1376 est
707 1327 934 1377 etconseeratus.
946 1317 1062 1377 Deinde

146 1399 255 1459 Romae
267 1418 320 1478 per
338 1404 440 1479 quinos
456 1400 678 1463 diesseuatores
689 1403 897 1478 imperaverunt
914 1410 943 1460 et
958 1402 1002 1460 his
1014 1420 1060 1460 re-

144 1484 295 1560 gnantibus
306 1503 395 1543 annus
406 1504 478 1543 unus
491 1484 650 1560 completus
663 1494 716 1544 est.

79 1593 134 1636 ω,
213 1566 263 1625 Cn
273 1586 300 1626 r.
312 1566 362 1626 111.
376 1566 444 1645 (11.)
477 1566 580 1627 Postea
595 1567 686 1627 Numa
702 1566 856 1646 Pompilius
878 1586 930 1627 rex
947 1577 1061 1628 creatus

93 1670 128 1717 oo.
144 1660 199 1726 est,
213 1651 261 1728 qui
273 1649 378 1708 bellum
391 1649 505 1728 quidem
516 1650 621 1709 nullum
633 1653 735 1727 gessit,
755 1651 807 1710 sed
817 1669 874 1711 nou
885 1653 975 1710 minus
990 1654 1061 1711 civi·

143 1736 204 1810 tati,
226 1751 308 1812 quam
319 1732 468 1809 Romulus,
483 1733 597 1811 profuit.
629 1735 700 1795 Nam
713 1744 741 1794 et
758 1735 840 1812 leges
852 1735 986 1795 Romanis
998 1753 1061 1795 mo·

143 1835 249 1896 resque
262 1819 418 1893 constituit,
439 1820 486 1896 qui
500 1818 706 1878 consuetudine
719 1819 891 1896 proeliorum
908 1821 962 1877 iam
973 1818 1061 1878 latro·

142 1910 194 1961 'nes
206 1919 240 1959 ao
251 1902 433 1959 semibarbari
446 1901 626 1979 putabantur,
644 1912 673 1961 et
685 1920 784 1961 annum
796 1902 959 1980 descripsit,
971 1905 999 1961 in
1009 1902 1061 1962 de-

145 2004 208 2044 cem
219 2002 333 2043 menses
344 1988 423 2062 prius
435 1988 497 2044 sine
514 1984 609 2063 aliqua
621 1989 832 2063 computatione
842 1987 1006 2063 confusum,
1031 1998 1062 2047 et

142 2068 250 2127 infinita
265 2067 373 2127 Romae
385 2087 466 2128 sacra
478 2087 511 2128 ac
527 2069 631 2146 templa
650 2072 803 2131 constituit.
837 2068 938 2130 idorbo
956 2070 1061 2130 deces-

134 2155 178 2211 -sit
191 2152 407 2230 quadragesimo
421 2157 505 2212 tertio
518 2155 631 2231 imperii
644 2171 728 2214 auno.

75 2256 132 2304 mu,
212 2235 303 2297 Cur(
315 2234 361 2296 lv.
376 2235 459 2316 (ΙΙΙ.)
482 2237 554 2295 Huic
566 2241 709 2319 success&
725 2236 822 2296 Tullus
834 2235 981 2296 Hostilius.
1004 2237 1062 2298 Hic

92 2326 125 2369 ⁸2·
142 2319 217 2378 heila
229 2322 381 2397 reparavit,
400 2319 525 2378 Albanos
537 2323 622 2397 vicit,
646 2322 694 2399 qui
705 2322 741 2380 ab
753 2320 822 2378 urbe
835 2319 925 2379 Roma
938 2340 989 2379 uu.
1006 2325 1061 2381 mi·

142 2403 223 2462 liario
242 2412 316 2478 sunt,
339 2402 474 2461 Veientes
488 2414 517 2462 et
530 2403 698 2480 Fidenates,
719 2421 837 2483 qnorum
849 2402 896 2462 alii
906 2413 990 2463 sexto
1006 2408 1059 2464 mi-

142 2485 223 2545 liario
235 2487 336 2546 absunt
348 2487 383 2546 ab
396 2486 466 2545 urbe
480 2486 585 2560 Roma,
603 2487 650 2546 aiii
662 2498 764 2547 octavo
777 2487 900 2563 decimo,
919 2487 997 2547 hello
1010 2506 1060 2548 su·

143 2572 262 2647 pererit,
276 2570 374 2628 urbem
385 2569 528 2646 ampliavit
544 2571 657 2630 adiecto
670 2571 770 2630 Coelio
783 2579 887 2630 monte.
921 2569 990 2630 Cum
1008 2577 1059 2630 tri-

141 2654 219 2731 ginta
231 2653 341 2711 duobus
352 2655 431 2712 annis
442 2663 609 2731 regnasset,
622 2655 738 2714 fulmine
749 2657 822 2714 ictus
835 2673 897 2714 oum
909 2654 993 2714 domo
1005 2674 1060 2718 sua

142 2739 218 2796 arsit.

76 2852 132 2893 w,
206 2821 293 2880 Cau.
306 2820 340 2883 V.
353 2819 433 2900 (lv.)
458 2820 526 2880 Post
542 2822 616 2880 huuc
627 2823 723 2881 Ancus
741 2823 874 2896 Marcius,
894 2820 1002 2881 Numae
1020 2840 1059 2882 ex

82 2919 127 2962 ru.
144 2903 199 2962 tilia
211 2921 316 2982 nepos,
330 2908 459 2981 suscepit
470 2907 627 2982 imperium.
651 2904 755 2966 Contra
766 2905 881 2965 Latinos
899 2905 1055 2982 dimicavit,

142 2988 312 3046 Aventinum
331 2997 454 3047 montem
482 2990 587 3047 civitati
607 2990 712 3048 adiecit
737 2999 765 3048 et
784 2987 955 3065 ianiculum,
979 2990 1057 3064 apud

143 3071 245 3129 ostium
256 3069 367 3129 Tiberis
381 3072 523 3130 civitatem
535 3090 620 3149 supra
638 3092 715 3132 mare
733 3073 943 3133 sextodecimo
965 3071 1056 3132 milia-

143 3155 186 3214 rio
198 3153 233 3212 ab
245 3155 315 3213 urbe
328 3154 417 3213 Roma
430 3156 563 3216 condidit.
593 3157 740 3235 vigesimo
758 3167 857 3236 quarto
875 3174 949 3216 anno
964 3156 1055 3233 impe-

142 3239 176 3297 rii
188 3238 289 3296 morbo
302 3238 394 3315 periit.

72 3346 130 3388 ac.
204 3321 286 3384 Cur.
299 3319 347 3382 vt.
356 3320 420 3401 (V.)
442 3323 553 3383 Deinde
573 3343 690 3402 regnum
702 3323 815 3383 Priscus
828 3323 994 3402 Tarquinius
1006 3342 1053 3383 ac·

72 3422 120 3467 rao.
142 3405 229 3482 cepit.
255 3404 309 3465 Hic
319 3424 464 3466 numerum
475 3417 636 3467 senatorum
648 3408 811 3484 duplicavit,
827 3411 933 3466 circum
944 3407 1053 3466 Romae
