2266 3832
431 193 563 250 ursan
589 195 620 253 x.
940 192 978 256 ῃ

71 357 161 416 ricurn
182 355 362 416 obtinendum
388 354 533 431 proiectus
556 356 720 419 Constantio
740 358 876 418 Parthicis
899 358 982 419 bellis
1001 390 1030 439 p,

72 448 223 518 occupato.
254 438 308 512 Qui
327 438 412 498 rebus
430 439 551 514 cognitis
568 439 602 500 ad
613 441 716 501 bellum
729 442 813 501 civile
825 459 1049 504 conversurum

72 525 100 583 in
116 525 216 583 itinere
233 523 303 582 obiit
319 523 392 586 inter
406 519 533 582 Ciliciam
550 523 816 604 Cappadociamque
837 543 910 586 anno
930 529 980 585 im·
991 524 1038 570 ³⁶¹·

72 609 143 685 perii
156 616 258 667 octavo
271 616 300 666 et
311 607 467 683 trigesimo,
486 610 585 667 aetatis
599 609 695 687 quinto
708 618 736 668 et
751 608 978 686 quadragesimo,

70 692 229 769 meruitque
239 691 311 749 inter
325 690 415 749 Divos
432 688 543 767 referri,
560 693 603 749 vir
614 695 749 770 egregiae
762 690 979 771 tranquillitatis,

71 773 209 852 placidus,
227 775 308 834 nimis
321 775 417 833 amicis
431 781 459 832 et
472 774 652 835 familiaribus
668 775 799 852 credens,
816 792 882 834 mox
897 779 980 836 etiam

69 857 206 917 uxoribus
217 857 353 932 deditior,
372 859 419 934 qui
436 867 528 917 tamen
547 861 643 935 primis
662 861 772 937 imperii
785 861 863 919 annis
874 860 980 937 ingenti

70 959 104 1000 se
120 940 258 1000 modestia
269 942 375 1018 egerit,
394 940 568 1000 familiarium
586 945 670 1003 etiam
687 943 875 1021 locupletator
886 961 980 1021 neque

69 1024 224 1085 inbonoros
236 1027 347 1100 sinens,
370 1042 488 1103 quorum
499 1025 641 1086 laboriosa
653 1035 786 1106 expertus
805 1026 906 1086 inisset
917 1027 978 1087 offi-

70 1109 125 1185 cia,
141 1107 177 1168 ad
192 1110 370 1168 severitatem
386 1117 476 1168 tamen
493 1111 673 1187 propensior,
693 1113 717 1169 si
729 1112 856 1188 suspicio
868 1112 979 1188 imperii

69 1201 240 1268 moveretur,
258 1194 332 1251 mitis
344 1191 423 1267 alias,
443 1201 471 1251 ct
482 1194 561 1252 cuius
573 1196 601 1253 in
613 1194 743 1254 civilibus
755 1195 844 1271 magis
857 1213 938 1272 quam
951 1196 979 1254 in

69 1277 194 1337 externis
209 1274 292 1336 bellis
311 1277 348 1334 sit
364 1275 499 1336 laudanda
511 1277 632 1338 fortuna.

132 1359 220 1420 Gna.
237 1358 312 1419 XVl.
330 1357 439 1440 (Vlll.)
466 1359 538 1419 Hinc
553 1358 676 1421 lulianus
694 1380 787 1420 rerum
800 1362 906 1439 potitus
922 1369 976 1436 est,
1002 1375 1027 1418 n.

68 1445 232 1521 ingentique
244 1450 378 1520 apparatu
384 1442 492 1502 Parthis
507 1443 598 1503 intulit
612 1445 727 1521 bellum,
745 1445 789 1503 cui
802 1443 978 1521 expeditioni
988 1443 1044 1485 Μ·

69 1543 125 1604 ego
137 1543 252 1605 quoque
263 1527 384 1586 interlui.
416 1525 534 1604 Aliquot
544 1529 649 1605 oppida
665 1538 693 1587 et
705 1527 821 1588 castella
831 1526 978 1586 Persarum
989 1512 1034 1554 ³⁶³·

68 1613 96 1671 in
107 1609 279 1670 deditionem
290 1612 403 1687 accepit
414 1609 460 1669 vel
470 1613 498 1670 vi
511 1614 693 1690 expugnavit,
708 1611 912 1689 assyriamque
926 1628 976 1688 po-

69 1692 180 1770 pulatus
195 1703 286 1754 castra
303 1693 378 1772 apud
392 1691 606 1772 ctesiphontem
624 1698 724 1755 stativa
740 1693 909 1774 aliquamdiu
929 1695 976 1753 ba-

68 1774 137 1838 buit.
167 1777 365 1856 Remeansquc
376 1779 477 1854 victor,
491 1777 555 1837 dum
566 1797 597 1837 se
609 1778 792 1838 inconsultius
805 1777 922 1856 proeliis
937 1779 977 1836 in·

66 1862 147 1936 serit,
164 1861 259 1922 bostili
271 1878 351 1921 manu
368 1861 534 1920 interiectus
547 1871 591 1922 est
605 1883 643 1925 vr.
657 1861 773 1922 Kalend.
787 1861 871 1921 lulias
888 1862 976 1939 impe·
1001 1879 1027 1920 n.

66 1946 100 2004 rii
112 1961 184 2004 nmo
196 1946 334 2021 septimo,
358 1947 456 2004 aetatis
468 1944 557 2004 altero
569 1955 597 2004 ct
610 1949 768 2023 trigesimo.
801 1946 894 2024 Atque
906 1946 977 2003 inter
988 1946 1037 1988 cn

66 2027 158 2089 Divos
171 2027 275 2088 relatus
288 2037 342 2103 est,
360 2031 403 2087 vir
418 2030 552 2106 egregius
565 2038 593 2088 et
604 2048 663 2088 rem
678 2029 818 2107 publicam
831 2029 978 2104 insigniter
987 2015 1033 2058 ³⁶³·

67 2110 277 2187 moderaturus,
298 2114 323 2170 si
336 2112 453 2188 perlata
464 2111 602 2172 licuisset.
633 2112 807 2173 Liberalibus
819 2111 976 2188 disciplinis

65 2197 193 2273 apprime
205 2193 340 2269 eruditus,
355 2192 470 2254 Graecis
487 2195 609 2272 doctior,
633 2205 718 2274 atque
731 2195 819 2271 adeo,
838 2204 867 2254 ut
881 2194 977 2254 Latina

66 2278 188 2339 eruditio
206 2296 382 2357 nequaquam
401 2297 462 2338 curn
481 2277 589 2339 Graeca
602 2281 721 2338 scientia
739 2281 918 2354 conveniret,
936 2277 977 2337 ia·

66 2361 167 2422 cundia
181 2363 286 2438 ingenti
298 2371 327 2421 et
338 2372 476 2441 prompta,
488 2365 641 2423 memoriae
653 2363 862 2436 tenacissimae,
876 2363 903 2420 in
916 2363 976 2439 qui·

65 2444 183 2506 busdam
197 2445 368 2523 philosopho
380 2449 506 2524 propior.
527 2445 558 2505 ln
574 2449 680 2506 amicos
696 2445 839 2521 liberalis,
862 2444 913 2504 sed
926 2445 976 2503 mi·

64 2548 118 2590 nus
129 2527 260 2606 diligens,
274 2539 464 2608 quamtantum
478 2529 745 2608 principemdecuit.
768 2529 892 2588 Fuerunt
904 2528 977 2587 enim

64 2611 200 2688 nonnulli,
220 2614 268 2691 qui
279 2613 393 2672 uulnera
406 2613 515 2690 gloriae
528 2617 589 2674 eius
601 2615 745 2672 inferrent.
774 2610 806 2670 ln
819 2612 976 2689 provincia·

64 2694 109 2756 los
124 2696 293 2755 iustissimus
305 2697 514 2773 attributorum,
528 2698 730 2776 quatennslieri
740 2706 850 2774 posset,
861 2711 966 2773 reprea

64 2792 125 2840 tor.
148 2777 246 2839 Civilis
258 2781 287 2839 in
298 2788 432 2855 cunctos,
450 2779 622 2840 mediocrem
635 2782 740 2839 habens
753 2781 852 2839 aerarii
870 2796 958 2838 curam

62 2863 174 2943 gloriae
185 2862 282 2923 avidus
291 2880 325 2923 ac
337 2880 389 2941 per
400 2882 460 2923 earn
472 2865 553 2923 animi
569 2864 734 2942 plerumque
746 2861 897 2937 immodici,
911 2862 962 2920 reb

62 2948 159 3026 gioms
172 2944 348 3007 Christianae
368 2948 537 3023 insectator,
561 2947 677 3024 perinde
695 2957 802 3021 tamen,
827 2954 857 3004 ut
874 2962 968 3005 cruore

63 3032 229 3107 abstineret,
243 3029 338 3089 Marco
356 3029 491 3076 lutari-¹¹*
507 3048 560 3072 nt*
573 3030 708 3076 absimilis
740 3048 817 3088 ruem
831 3032 912 3088 etiarn
928 3048 956 3076 ‘n

63 3113 161 3175 mulari
174 3114 302 3185 student.

128 3197 178 3258 Cn
192 3218 218 3256 n.
239 3195 308 3256 xv1]
386 3211 409 3256 t.

63 3281 199 3341 mesllclls
223 3280 300 3339 milite
338 3315 344 3324 ·
412 3298 430 3324 -ῐ
512 3283 629 3325 ...d-d...
673 3300 697 3324 m
739 3281 798 3324 r'nn

62 3365 207 3425 exercitus
218 3361 302 3423 lor-tm
332 3399 353 3408 --
609 3399 623 3409 ..
657 3395 678 3420 .,,
754 3395 769 3404 ..
858 3395 862 3404 .
