2266 3832
419 592 459 673 P.
485 590 602 673 lallss
630 588 758 675 llum

136 760 417 843 VsstGmIUs
461 760 690 843 ORATOR
727 760 806 843 AN
846 748 1070 845 Poura

166 974 327 1061 Spatianti
347 974 427 1038 mihi
450 975 624 1061 intemplo
642 975 836 1040 etsaucium
881 974 889 989 ‘
917 975 952 991 ''
996 984 1091 1063 caput

81 1061 293 1150 plurimarum
304 1058 456 1123 arborum
466 1059 675 1141 amoenitate,
690 1058 875 1157 euriporum
919 1058 927 1074 ‘
973 1080 1027 1142 re,
1041 1081 1092 1125 ae·

82 1148 128 1211 ris
151 1142 341 1208 salubritate
369 1144 530 1207 recreanti
551 1143 682 1208 obviam
703 1141 811 1207 subrtc
835 1140 971 1228 qnidam
991 1142 1090 1224 fuere,

104 1249 163 1293 uos
185 1226 227 1291 ab
244 1225 335 1290 urbis
357 1226 541 1325 spectaculo
558 1225 725 1291 Baeticam
741 1234 944 1291 revertentes
961 1227 1092 1293 sinister

115 1314 217 1377 fricae
239 1319 355 1375 ventus
377 1332 413 1373 1n
433 1309 495 1375 hac
511 1308 587 1374 litus
608 1317 806 1375 excusserat
839 1328 979 1394 quorum
997 1331 1110 1392 anuas

81 1400 150 1479 vir,
172 1404 209 1460 ut
227 1402 341 1481 postea
357 1394 521 1478 apparuit,
544 1392 661 1460 litteris
703 1392 899 1474 ereruditna,
921 1392 1032 1461 subita
1050 1393 1091 1459 all

81 1502 135 1545 me
156 1479 308 1544 convenit
328 1484 360 1540 et
384 1476 512 1559 ‘salve’‚
532 1478 639 1563 inquit
659 1414 800 1562 ‘llospea
833 1477 900 1540 nisi
918 1477 1092 1543 molestum

81 1573 146 1645 est,
170 1563 222 1626 dic
243 1580 361 1624 nomen
383 1568 490 1644 tuum3
511 1582 587 1624 nam
606 1561 717 1624 nescio
742 1558 822 1647 quid
841 1558 930 1625 oculi
949 1562 1019 1627 mei
1037 1560 1091 1627 ad·

81 1654 215 1709 monent
240 1652 273 1707 et
296 1643 389 1728 quasi
409 1664 468 1727 per
493 1643 641 1707 nubilum
668 1648 867 1728 recognosco
889 1644 971 1730 q'uid
993 1646 1090 1711 istic?

81 1729 172 1793 ‘Hic'
184 1729 316 1826 inquam
329 1726 475 1790 ‘Florum
485 1726 595 1809 vides,
617 1726 758 1792 fortasse
771 1735 805 1791 et
819 1727 980 1811 audieris,
1000 1730 1031 1793 si
1044 1738 1089 1793 ta·
1098 1746 1119 1787 n

82 1833 157 1877 men
178 1812 213 1874 in
230 1810 287 1875 rllo
306 1809 393 1874 orbis
411 1819 570 1875 terrarum
591 1808 807 1876 conciliabulo
824 1811 885 1876 sub
901 1809 1091 1877 Domitiano

82 1897 230 1996 principe
250 1894 378 1958 crimini
399 1902 510 1959 nostro
531 1894 689 1959 adfuisti?
713 1903 746 1958 et
760 1894 915 1959 Baeticus
937 1902 1030 1961 ‘tune
1046 1901 1091 1961 es’

83 1980 190 2068 lnquit
212 1989 268 2043 ‘ex
279 1978 411 2059 Africa,
433 1996 529 2064 quem
545 1999 669 2042 summo
684 1999 845 2043 consensu
860 1999 901 2062 pc
926 1978 1092 2044 oscimus‘l

83 2066 187 2130 invito
200 2063 330 2150 quidem
343 2062 483 2127 Caesare
496 2071 528 2126 et
538 2062 726 2143 resistente,
744 2084 810 2127 non
822 2082 884 2147 quo
920 2062 983 2128 tibi
992 2082 1093 2148 puero

82 2149 255 2229 invideret,
267 2146 326 2212 sed
336 2146 499 2210 neAfrica
509 2167 660 2212 coronam
669 2147 780 2230 magni
788 2145 878 2211 Iovis
889 2147 1122 2231 attingeret'a

83 2253 169 2319 quac
192 2253 265 2295 cum
283 2252 335 2294 me
356 2230 484 2294 videret
503 2229 687 2294 verecunde
707 2236 951 2328 agnoscentem,
972 2231 1009 2294 in
1028 2250 1094 2295 am·

83 2316 217 2401 plexum
232 2313 409 2377 effunditur
421 2321 453 2376 et
461 2320 557 2376 ‘ama'
570 2315 676 2398 inquit
687 2313 799 2397 ‘igitur
805 2313 966 2378 fautorem
976 2321 1092 2379 tuum?

83 2397 212 2484 ‘quidni
226 2396 367 2459 amem?'
389 2404 420 2459 et
436 2417 535 2460 manu
546 2395 736 2461 alterutrum
746 2405 892 2461 tenentes
904 2396 1094 2463 avidissime

83 2486 272 2543 nascentem
294 2478 471 2542 amicitiam
493 2478 757 2562 foederabamus,
786 2502 860 2544 cum
880 2480 937 2544 ille
962 2481 1094 2546 interim

82 2563 179 2628 brevi
196 2560 369 2625 intervallo
384 2583 462 2625 usus
481 2564 616 2648 ‘etquid
632 2571 680 2628 tu'
693 2566 799 2650 inquit
811 2571 891 2628 ‘tam
905 2564 962 2629 diu
978 2566 1015 2629 in
1031 2564 1124 2643 hara

107 2645 278 2710 rcvincia?
300 2666 361 2708 nec
382 2645 418 2708 in
439 2655 583 2710 nostram
602 2647 770 2713 Baeticam
791 2648 937 2712 excurris
959 2670 1021 2713 nec
1042 2670 1094 2713 ur-

82 2669 160 2794 Eem
171 2729 261 2792 illam
278 2728 411 2808 revisis,
436 2729 494 2793 ubi
505 2752 619 2794 versus
630 2733 679 2795 tui
695 2730 904 2797 electoribus
920 2732 1095 2797 concinun-

83 2823 139 2877 tur
161 2822 192 2876 et
208 2812 243 2877 in
258 2811 330 2875 faro
348 2815 435 2875 omni
452 2813 650 2878 clarissimus
668 2815 724 2879 ille
736 2815 777 2879 de
790 2815 896 2880 Dacia
911 2814 1095 2900 triumphus

82 2896 236 2960 exultat?
263 2903 398 2981 potesne
423 2918 496 2960 cum
523 2898 585 2962 hcc
610 2899 768 2983 singulari
788 2900 921 2983 ingenio
940 2907 1096 2984 tantaque

82 2989 200 3043 natura
234 2978 445 3042 revincialem
455 2979 613 3045 latebram
645 2982 714 3046 ati?
728 2982 811 3047 nihil
820 2992 853 3048 te
864 2984 981 3048 caritas
992 2981 1127 3062 urbica

84 3063 166 3128 nihil
184 3002 240 3127 ille
251 3063 357 3126 victor
374 3065 521 3146 gentium
536 3004 692 3212 penulas,
714 3066 795 3131 nihil
814 3076 945 3131 senatus
963 3065 1095 3130 movet?

83 3147 167 3212 nihil
186 3146 326 3231 denique
339 3144 400 3209 lux
411 3155 443 3210 et
459 3146 569 3232 fulgor
598 3150 687 3213 elicis
705 3150 826 3235 inperi,
847 3152 903 3236 qui
918 3151 1000 3215 inse
1011 3150 1097 3235 rapit

84 3241 184 3318 atque
202 3231 362 3295 convertit
385 3232 528 3295 omnium
550 3232 660 3297 oculos
677 3233 842 3297 hominum
859 3255 898 3298 ac
915 3231 1095 3299 deorum?'

93 3324 190 3402 atque
207 3337 267 3400 cgo
283 3315 374 3378 varie
389 3314 539 3365 certaria

91 3398 210 3452 alnamQ
233 3420 245 3440 r
267 3398 316 3445 m·
383 3399 387 3413 ¹

543 3324 595 3379 lus
613 3317 693 3401 ‘15³³‘
727 3355 729 3364 ν
769 3338 806 3368 ³⁰·
818 3318 869 3381 vis
888 3337 948 3401 ego
964 3337 1097 3402 respon-

295 3419 399 3448 mmi.
447 3439 455 3444 .
507 3400 667 3448 ..lliimm.‚
744 3443 778 3448 .-
813 3400 1129 3469 mnfflflmmirumw
