<?xml version="1.0" encoding="UTF-8"?>
<!DOCTYPE html PUBLIC "-//W3C//DTD XHTML 1.0 Transitional//EN"
    "http://www.w3.org/TR/xhtml1/DTD/xhtml1-transitional.dtd">
<html xmlns="http://www.w3.org/1999/xhtml" xml:lang="en" lang="en">
 <head>
  <title>
</title>
<meta http-equiv="Content-Type" content="text/html;charset=utf-8" />
  <meta name='ocr-system' content='tesseract 3.04.00' />
  <meta name='ocr-capabilities' content='ocr_page ocr_carea ocr_par ocr_line ocrx_word'/>
</head>
<body>
  <div class='ocr_page' id='page_1' title='image "./eutropiibreviar01crugoog_0087.png"; bbox 0 0 2266 3832; ppageno 0'>
   <div class='ocr_carea' id='block_1_1' title="bbox 50 3103 155 3144">
    <p class='ocr_par' dir='ltr' id='par_1_1' title="bbox 50 3103 155 3144">
     <span class='ocr_line' id='line_1_1' title="bbox 50 3103 155 3144; baseline -0.01 0"><span class='ocrx_word' id='word_1_1' title='bbox 50 3109 53 3115; x_wconf 88' lang='grc'><em>“</em></span> <span class='ocrx_word' id='word_1_2' title='bbox 109 3103 155 3144; x_wconf 75' lang='lat' dir='ltr'><strong>eoa.</strong></span> 
     </span>
    </p>
   </div>
   <div class='ocr_carea' id='block_1_2' title="bbox 170 181 767 248">
    <p class='ocr_par' dir='ltr' id='par_1_2' title="bbox 170 181 767 248">
     <span class='ocr_line' id='line_1_2' title="bbox 170 181 767 248; baseline -0.007 -1"><span class='ocrx_word' id='word_1_3' title='bbox 170 181 211 248; x_wconf 76' lang='lat'><strong>72</strong></span> <span class='ocrx_word' id='word_1_4' title='bbox 526 187 767 246; x_wconf 82' lang='lat' dir='ltr'><strong>EUTROPII</strong></span> 
     </span>
    </p>
   </div>
   <div class='ocr_carea' id='block_1_3' title="bbox 168 348 1093 607">
    <p class='ocr_par' dir='ltr' id='par_1_3' title="bbox 168 348 1093 607">
     <span class='ocr_line' id='line_1_3' title="bbox 170 348 1093 417; baseline -0.004 -14"><span class='ocrx_word' id='word_1_5' title='bbox 170 348 213 404; x_wconf 82' lang='lat' dir='ltr'><strong>lt.</strong></span> <span class='ocrx_word' id='word_1_6' title='bbox 231 353 348 404; x_wconf 73' lang='lat' dir='ltr'><strong>leviauus</strong></span> <span class='ocrx_word' id='word_1_7' title='bbox 358 362 415 417; x_wconf 90' lang='lat' dir='ltr'><strong>post</strong></span> <span class='ocrx_word' id='word_1_8' title='bbox 425 353 491 402; x_wconf 88' lang='lat' dir='ltr'><strong>hunc</strong></span> <span class='ocrx_word' id='word_1_9' title='bbox 502 354 637 417; x_wconf 88' lang='lat' dir='ltr'><strong>imperator</strong></span> <span class='ocrx_word' id='word_1_10' title='bbox 648 353 752 412; x_wconf 85' lang='lat' dir='ltr'><strong>electus,</strong></span> <span class='ocrx_word' id='word_1_11' title='bbox 769 365 820 401; x_wconf 91' lang='lat' dir='ltr'><strong>uno</strong></span> <span class='ocrx_word' id='word_1_12' title='bbox 833 355 911 414; x_wconf 79' lang='lat' dir='ltr'><strong>atque</strong></span> <span class='ocrx_word' id='word_1_13' title='bbox 923 349 1009 400; x_wconf 86' lang='lat' dir='ltr'><strong>altero</strong></span> <span class='ocrx_word' id='word_1_14' title='bbox 1021 365 1093 416; x_wconf 78' lang='lat' dir='ltr'><strong>proc·</strong></span> 
     </span>
     <span class='ocr_line' id='line_1_4' title="bbox 169 418 1093 487; baseline -0.004 -15"><span class='ocrx_word' id='word_1_15' title='bbox 169 422 204 472; x_wconf 91' lang='lat' dir='ltr'><strong>lio</strong></span> <span class='ocrx_word' id='word_1_16' title='bbox 226 436 241 471; x_wconf 89' lang='lat' dir='ltr'><strong>a</strong></span> <span class='ocrx_word' id='word_1_17' title='bbox 262 421 345 472; x_wconf 85' lang='lat' dir='ltr'><strong>Persis</strong></span> <span class='ocrx_word' id='word_1_18' title='bbox 362 421 444 471; x_wconf 87' lang='lat' dir='ltr'><strong>victus</strong></span> <span class='ocrx_word' id='word_1_19' title='bbox 461 421 599 487; x_wconf 80' lang='lat' dir='ltr'><strong>ignobilem</strong></span> <span class='ocrx_word' id='word_1_20' title='bbox 615 436 672 472; x_wconf 88' lang='lat' dir='ltr'><strong>cnm</strong></span> <span class='ocrx_word' id='word_1_21' title='bbox 686 419 727 471; x_wconf 88' lang='lat' dir='ltr'><strong>his</strong></span> <span class='ocrx_word' id='word_1_22' title='bbox 742 433 832 485; x_wconf 84' lang='lat' dir='ltr'><strong>pacem</strong></span> <span class='ocrx_word' id='word_1_23' title='bbox 855 418 928 472; x_wconf 82' lang='lat' dir='ltr'><strong>iacit.</strong></span> <span class='ocrx_word' id='word_1_24' title='bbox 962 418 1093 485; x_wconf 74' lang='lat' dir='ltr'><strong>Illyricum</strong></span> 
     </span>
     <span class='ocr_line' id='line_1_5' title="bbox 168 487 1091 607; baseline 0 -68"><span class='ocrx_word' id='word_1_25' title='bbox 168 497 257 607; x_wconf 51' lang='lat' dir='ltr'><strong>pietatm</strong></span> <span class='ocrx_word' id='word_1_26' title='bbox 280 490 411 554; x_wconf 88' lang='lat' dir='ltr'><strong>repentina</strong></span> <span class='ocrx_word' id='word_1_27' title='bbox 432 498 512 540; x_wconf 84' lang='lat' dir='ltr'><strong>morte</strong></span> <span class='ocrx_word' id='word_1_28' title='bbox 534 491 601 552; x_wconf 89' lang='lat' dir='ltr'><strong>obit,</strong></span> <span class='ocrx_word' id='word_1_29' title='bbox 625 489 697 540; x_wconf 87' lang='lat' dir='ltr'><strong>cuius</strong></span> <span class='ocrx_word' id='word_1_30' title='bbox 714 489 800 540; x_wconf 84' lang='lat' dir='ltr'><strong>variae</strong></span> <span class='ocrx_word' id='word_1_31' title='bbox 815 487 952 538; x_wconf 69' lang='lat' dir='ltr'><strong>mudantur</strong></span> <span class='ocrx_word' id='word_1_32' title='bbox 969 502 1091 539; x_wconf 76' lang='lat' dir='ltr'><strong>caussae.</strong></span> 
     </span>
    </p>
   </div>
   <div class='ocr_carea' id='block_1_4' title="bbox 170 554 1092 677">
    <p class='ocr_par' dir='ltr' id='par_1_4' title="bbox 170 554 1092 677">
     <span class='ocr_line' id='line_1_6' title="bbox 195 554 1092 624; baseline -0.003 -16"><span class='ocrx_word' id='word_1_33' title='bbox 195 560 271 608; x_wconf 82' lang='lat' dir='ltr'><strong>alaris</strong></span> <span class='ocrx_word' id='word_1_34' title='bbox 296 559 378 622; x_wconf 86' lang='lat' dir='ltr'><strong>operis</strong></span> <span class='ocrx_word' id='word_1_35' title='bbox 396 557 428 608; x_wconf 85' lang='lat' dir='ltr'><strong>do</strong></span> <span class='ocrx_word' id='word_1_36' title='bbox 449 573 623 609; x_wconf 87' lang='lat' dir='ltr'><strong>successorum</strong></span> <span class='ocrx_word' id='word_1_37' title='bbox 641 559 717 609; x_wconf 86' lang='lat' dir='ltr'><strong>robus</strong></span> <span class='ocrx_word' id='word_1_38' title='bbox 734 557 814 624; x_wconf 80' lang='lat' dir='ltr'><strong>gestis</strong></span> <span class='ocrx_word' id='word_1_39' title='bbox 833 554 973 622; x_wconf 81' lang='lat' dir='ltr'><strong>promissio</strong></span> <span class='ocrx_word' id='word_1_40' title='bbox 994 557 1023 606; x_wconf 90' lang='lat' dir='ltr'><strong>in</strong></span> <span class='ocrx_word' id='word_1_41' title='bbox 1045 557 1092 606; x_wconf 85' lang='lat' dir='ltr'><strong>line</strong></span> 
     </span>
     <span class='ocr_line' id='line_1_7' title="bbox 170 628 317 677; baseline -0.007 -2"><span class='ocrx_word' id='word_1_42' title='bbox 170 628 317 677; x_wconf 81' lang='lat' dir='ltr'><strong>annectitur.</strong></span> 
     </span>
    </p>
   </div>
   <div class='ocr_carea' id='block_1_5' title="bbox 27 692 1092 3446">
    <p class='ocr_par' dir='ltr' id='par_1_5' title="bbox 232 692 1092 772">
     <span class='ocr_line' id='line_1_8' title="bbox 232 692 1092 772; baseline -0.001 -20"><span class='ocrx_word' id='word_1_43' title='bbox 232 695 316 754; x_wconf 74' lang='lat' dir='ltr'><strong>Can.</strong></span> <span class='ocrx_word' id='word_1_44' title='bbox 334 692 357 752; x_wconf 92' lang='lat' dir='ltr'><strong>l.</strong></span> <span class='ocrx_word' id='word_1_45' title='bbox 381 693 432 752; x_wconf 91' lang='lat' dir='ltr'><strong>His</strong></span> <span class='ocrx_word' id='word_1_46' title='bbox 447 695 532 772; x_wconf 89' lang='lat' dir='ltr'><strong>igitur</strong></span> <span class='ocrx_word' id='word_1_47' title='bbox 548 695 714 754; x_wconf 90' lang='lat' dir='ltr'><strong>abeuntibus</strong></span> <span class='ocrx_word' id='word_1_48' title='bbox 732 695 767 753; x_wconf 93' lang='lat' dir='ltr'><strong>ab</strong></span> <span class='ocrx_word' id='word_1_49' title='bbox 784 692 1034 753; x_wconf 77' lang='lat' dir='ltr'><strong>administratione</strong></span> <span class='ocrx_word' id='word_1_50' title='bbox 1051 693 1092 751; x_wconf 88' lang='lat' dir='ltr'><strong>rei</strong></span> 
     </span>
    </p>

    <p class='ocr_par' dir='ltr' id='par_1_6' title="bbox 27 775 1092 1689">
     <span class='ocr_line' id='line_1_9' title="bbox 120 775 1092 855; baseline 0.001 -22"><span class='ocrx_word' id='word_1_51' title='bbox 120 793 146 833; x_wconf 85' lang='lat' dir='ltr'><strong>r.</strong></span> <span class='ocrx_word' id='word_1_52' title='bbox 171 778 302 855; x_wconf 87' lang='lat' dir='ltr'><strong>publicae</strong></span> <span class='ocrx_word' id='word_1_53' title='bbox 315 777 495 837; x_wconf 88' lang='lat' dir='ltr'><strong>Constantius</strong></span> <span class='ocrx_word' id='word_1_54' title='bbox 512 787 540 836; x_wconf 92' lang='lat' dir='ltr'><strong>et</strong></span> <span class='ocrx_word' id='word_1_55' title='bbox 553 775 681 837; x_wconf 86' lang='lat' dir='ltr'><strong>Galerius</strong></span> <span class='ocrx_word' id='word_1_56' title='bbox 696 777 817 855; x_wconf 75' lang='lat' dir='ltr'><strong>Augusti</strong></span> <span class='ocrx_word' id='word_1_57' title='bbox 836 778 923 835; x_wconf 89' lang='lat' dir='ltr'><strong>creati</strong></span> <span class='ocrx_word' id='word_1_58' title='bbox 937 784 1005 835; x_wconf 89' lang='lat' dir='ltr'><strong>sunt</strong></span> <span class='ocrx_word' id='word_1_59' title='bbox 1022 775 1092 835; x_wconf 82' lang='lat' dir='ltr'><strong>divi·</strong></span> 
     </span>
     <span class='ocr_line' id='line_1_10' title="bbox 102 857 1089 939; baseline -0.001 -20"><span class='ocrx_word' id='word_1_60' title='bbox 102 860 158 902; x_wconf 64' lang='lat' dir='ltr'><strong>CM·</strong></span> <span class='ocrx_word' id='word_1_61' title='bbox 171 880 277 939; x_wconf 88' lang='lat' dir='ltr'><strong>susque</strong></span> <span class='ocrx_word' id='word_1_62' title='bbox 294 863 368 920; x_wconf 90' lang='lat' dir='ltr'><strong>inter</strong></span> <span class='ocrx_word' id='word_1_63' title='bbox 385 879 436 920; x_wconf 90' lang='lat' dir='ltr'><strong>eos</strong></span> <span class='ocrx_word' id='word_1_64' title='bbox 455 864 493 920; x_wconf 91' lang='lat' dir='ltr'><strong>ita</strong></span> <span class='ocrx_word' id='word_1_65' title='bbox 511 861 653 921; x_wconf 83' lang='lat' dir='ltr'><strong>Romanus</strong></span> <span class='ocrx_word' id='word_1_66' title='bbox 666 863 760 936; x_wconf 93' lang='lat' dir='ltr'><strong>orbis,</strong></span> <span class='ocrx_word' id='word_1_67' title='bbox 781 869 810 919; x_wconf 92' lang='lat' dir='ltr'><strong>ut</strong></span> <span class='ocrx_word' id='word_1_68' title='bbox 822 857 951 937; x_wconf 84' lang='lat' dir='ltr'><strong>Galliam,</strong></span> <span class='ocrx_word' id='word_1_69' title='bbox 966 857 1089 935; x_wconf 90' lang='lat' dir='ltr'><strong>ltaliam,</strong></span> 
     </span>
     <span class='ocr_line' id='line_1_11' title="bbox 27 927 1089 1023; baseline -0.001 -20"><span class='ocrx_word' id='word_1_70' title='bbox 27 982 30 987; x_wconf 83' lang='lat'><em>·</em></span> <span class='ocrx_word' id='word_1_71' title='bbox 109 927 154 972; x_wconf 71' lang='lat'>²⁰5·</span> <span class='ocrx_word' id='word_1_72' title='bbox 169 944 293 1003; x_wconf 84' lang='lat' dir='ltr'><strong>Africam</strong></span> <span class='ocrx_word' id='word_1_73' title='bbox 306 942 502 1020; x_wconf 83' lang='lat' dir='ltr'><strong>Constantius,</strong></span> <span class='ocrx_word' id='word_1_74' title='bbox 522 943 681 1023; x_wconf 71' lang='lat' dir='ltr'><strong>Illyricum,</strong></span> <span class='ocrx_word' id='word_1_75' title='bbox 700 943 813 1019; x_wconf 80' lang='lat' dir='ltr'><strong>Asiam,</strong></span> <span class='ocrx_word' id='word_1_76' title='bbox 836 942 983 1002; x_wconf 82' lang='lat' dir='ltr'><strong>Orientem</strong></span> <span class='ocrx_word' id='word_1_77' title='bbox 1005 941 1089 1002; x_wconf 86' lang='lat' dir='ltr'><strong>Gale·</strong></span> 
     </span>
     <span class='ocr_line' id='line_1_12' title="bbox 169 1024 1090 1106; baseline -0.002 -19"><span class='ocrx_word' id='word_1_78' title='bbox 169 1031 227 1088; x_wconf 90' lang='lat' dir='ltr'><strong>rius</strong></span> <span class='ocrx_word' id='word_1_79' title='bbox 246 1029 402 1103; x_wconf 88' lang='lat' dir='ltr'><strong>obtineret,</strong></span> <span class='ocrx_word' id='word_1_80' title='bbox 424 1031 541 1106; x_wconf 92' lang='lat' dir='ltr'><strong>sumptis</strong></span> <span class='ocrx_word' id='word_1_81' title='bbox 560 1027 670 1089; x_wconf 90' lang='lat' dir='ltr'><strong>duobus</strong></span> <span class='ocrx_word' id='word_1_82' title='bbox 689 1027 868 1088; x_wconf 79' lang='lat' dir='ltr'><strong>Caesaribus.</strong></span> <span class='ocrx_word' id='word_1_83' title='bbox 903 1024 1090 1086; x_wconf 80' lang='lat' dir='ltr'><strong>Constantius</strong></span> 
     </span>
     <span class='ocr_line' id='line_1_13' title="bbox 169 1108 1090 1191; baseline 0 -21"><span class='ocrx_word' id='word_1_84' title='bbox 169 1121 262 1171; x_wconf 88' lang='lat' dir='ltr'><strong>tamen</strong></span> <span class='ocrx_word' id='word_1_85' title='bbox 284 1120 433 1170; x_wconf 90' lang='lat' dir='ltr'><strong>contentus</strong></span> <span class='ocrx_word' id='word_1_86' title='bbox 449 1111 583 1189; x_wconf 83' lang='lat' dir='ltr'><strong>dignitate</strong></span> <span class='ocrx_word' id='word_1_87' title='bbox 605 1112 725 1191; x_wconf 78' lang='lat' dir='ltr'><strong>Augusti</strong></span> <span class='ocrx_word' id='word_1_88' title='bbox 748 1110 846 1170; x_wconf 89' lang='lat' dir='ltr'><strong>ltaliae</strong></span> <span class='ocrx_word' id='word_1_89' title='bbox 866 1119 954 1188; x_wconf 90' lang='lat' dir='ltr'><strong>atque</strong></span> <span class='ocrx_word' id='word_1_90' title='bbox 969 1108 1090 1170; x_wconf 83' lang='lat' dir='ltr'><strong>Africae</strong></span> 
     </span>
     <span class='ocr_line' id='line_1_14' title="bbox 170 1194 1090 1272; baseline 0 -17"><span class='ocrx_word' id='word_1_91' title='bbox 170 1194 403 1255; x_wconf 88' lang='lat' dir='ltr'><strong>administrandae</strong></span> <span class='ocrx_word' id='word_1_92' title='bbox 425 1195 632 1256; x_wconf 81' lang='lat' dir='ltr'><strong>solicitudinem</strong></span> <span class='ocrx_word' id='word_1_93' title='bbox 653 1197 813 1270; x_wconf 84' lang='lat' dir='ltr'><strong>recusavit,</strong></span> <span class='ocrx_word' id='word_1_94' title='bbox 844 1196 888 1253; x_wconf 89' lang='lat' dir='ltr'><strong>vir</strong></span> <span class='ocrx_word' id='word_1_95' title='bbox 903 1195 1045 1272; x_wconf 86' lang='lat' dir='ltr'><strong>egregius</strong></span> <span class='ocrx_word' id='word_1_96' title='bbox 1063 1199 1090 1255; x_wconf 84' lang='lat' dir='ltr'><strong>el</strong></span> 
     </span>
     <span class='ocr_line' id='line_1_15' title="bbox 170 1276 1089 1358; baseline -0.002 -19"><span class='ocrx_word' id='word_1_97' title='bbox 170 1282 428 1358; x_wconf 86' lang='lat' dir='ltr'><strong>praestantissimae</strong></span> <span class='ocrx_word' id='word_1_98' title='bbox 441 1279 592 1355; x_wconf 81' lang='lat' dir='ltr'><strong>civilitatis,</strong></span> <span class='ocrx_word' id='word_1_99' title='bbox 606 1280 709 1338; x_wconf 87' lang='lat' dir='ltr'><strong>divitiis</strong></span> <span class='ocrx_word' id='word_1_100' title='bbox 721 1276 935 1357; x_wconf 86' lang='lat' dir='ltr'><strong>provincialium</strong></span> <span class='ocrx_word' id='word_1_101' title='bbox 946 1295 982 1336; x_wconf 90' lang='lat' dir='ltr'><strong>ac</strong></span> <span class='ocrx_word' id='word_1_102' title='bbox 994 1278 1089 1354; x_wconf 85' lang='lat' dir='ltr'><strong>priva·</strong></span> 
     </span>
     <span class='ocr_line' id='line_1_16' title="bbox 170 1360 1088 1439; baseline -0.003 -16"><span class='ocrx_word' id='word_1_103' title='bbox 170 1373 262 1424; x_wconf 88' lang='lat' dir='ltr'><strong>torum</strong></span> <span class='ocrx_word' id='word_1_104' title='bbox 274 1363 400 1439; x_wconf 84' lang='lat' dir='ltr'><strong>studens,</strong></span> <span class='ocrx_word' id='word_1_105' title='bbox 416 1365 477 1422; x_wconf 90' lang='lat' dir='ltr'><strong>tisci</strong></span> <span class='ocrx_word' id='word_1_106' title='bbox 490 1363 703 1424; x_wconf 88' lang='lat' dir='ltr'><strong>commodanon</strong></span> <span class='ocrx_word' id='word_1_107' title='bbox 714 1362 862 1423; x_wconf 90' lang='lat' dir='ltr'><strong>admodum</strong></span> <span class='ocrx_word' id='word_1_108' title='bbox 873 1360 1030 1436; x_wconf 80' lang='lat' dir='ltr'><strong>affectans,</strong></span> <span class='ocrx_word' id='word_1_109' title='bbox 1049 1360 1088 1420; x_wconf 94' lang='lat' dir='ltr'><strong>di·</strong></span> 
     </span>
     <span class='ocr_line' id='line_1_17' title="bbox 172 1445 1089 1526; baseline -0.001 -20"><span class='ocrx_word' id='word_1_110' title='bbox 172 1465 309 1525; x_wconf 86' lang='lat' dir='ltr'><strong>censque,</strong></span> <span class='ocrx_word' id='word_1_111' title='bbox 322 1449 430 1508; x_wconf 73' lang='lat' dir='ltr'><strong>ortelius</strong></span> <span class='ocrx_word' id='word_1_112' title='bbox 436 1449 580 1526; x_wconf 77' lang='lat' dir='ltr'><strong>publicas</strong></span> <span class='ocrx_word' id='word_1_113' title='bbox 594 1466 668 1525; x_wconf 79' lang='lat' dir='ltr'><strong>opes</strong></span> <span class='ocrx_word' id='word_1_114' title='bbox 682 1467 703 1508; x_wconf 84' lang='lat' dir='ltr'><strong>a</strong></span> <span class='ocrx_word' id='word_1_115' title='bbox 714 1447 849 1525; x_wconf 72' lang='lat' dir='ltr'><strong>privatis</strong></span> <span class='ocrx_word' id='word_1_116' title='bbox 861 1445 981 1521; x_wconf 80' lang='lat' dir='ltr'><strong>baberi,</strong></span> <span class='ocrx_word' id='word_1_117' title='bbox 994 1459 1089 1521; x_wconf 82' lang='lat' dir='ltr'><strong>quom</strong></span> 
     </span>
     <span class='ocr_line' id='line_1_18' title="bbox 169 1527 1088 1608; baseline -0.004 -18"><span class='ocrx_word' id='word_1_118' title='bbox 169 1532 253 1590; x_wconf 79' lang='lat' dir='ltr'><strong>intra</strong></span> <span class='ocrx_word' id='word_1_119' title='bbox 261 1549 352 1589; x_wconf 75' lang='lat' dir='ltr'><strong>tonum</strong></span> <span class='ocrx_word' id='word_1_120' title='bbox 366 1530 533 1590; x_wconf 81' lang='lat' dir='ltr'><strong>claustram</strong></span> <span class='ocrx_word' id='word_1_121' title='bbox 547 1533 715 1608; x_wconf 67' lang='lat' dir='ltr'><strong>reservata,</strong></span> <span class='ocrx_word' id='word_1_122' title='bbox 727 1529 801 1590; x_wconf 88' lang='lat' dir='ltr'><strong>adeo</strong></span> <span class='ocrx_word' id='word_1_123' title='bbox 812 1537 906 1588; x_wconf 85' lang='lat' dir='ltr'><strong>autem</strong></span> <span class='ocrx_word' id='word_1_124' title='bbox 920 1527 1016 1587; x_wconf 88' lang='lat' dir='ltr'><strong>cultus</strong></span> <span class='ocrx_word' id='word_1_125' title='bbox 1027 1544 1088 1588; x_wconf 91' lang='lat' dir='ltr'><strong>mo·</strong></span> 
     </span>
     <span class='ocr_line' id='line_1_19' title="bbox 172 1611 1077 1689; baseline -0.001 -18"><span class='ocrx_word' id='word_1_126' title='bbox 172 1612 237 1689; x_wconf 89' lang='lat' dir='ltr'><strong>dici,</strong></span> <span class='ocrx_word' id='word_1_127' title='bbox 261 1621 291 1671; x_wconf 91' lang='lat' dir='ltr'><strong>ut</strong></span> <span class='ocrx_word' id='word_1_128' title='bbox 302 1612 409 1671; x_wconf 84' lang='lat' dir='ltr'><strong>feriatis</strong></span> <span class='ocrx_word' id='word_1_129' title='bbox 422 1611 532 1689; x_wconf 87' lang='lat' dir='ltr'><strong>diebus,</strong></span> <span class='ocrx_word' id='word_1_130' title='bbox 552 1615 576 1672; x_wconf 93' lang='lat' dir='ltr'><strong>si</strong></span> <span class='ocrx_word' id='word_1_131' title='bbox 588 1633 651 1673; x_wconf 89' lang='lat' dir='ltr'><strong>oum</strong></span> <span class='ocrx_word' id='word_1_132' title='bbox 667 1616 765 1674; x_wconf 88' lang='lat' dir='ltr'><strong>amicis</strong></span> <span class='ocrx_word' id='word_1_133' title='bbox 778 1612 1024 1672; x_wconf 88' lang='lat' dir='ltr'><strong>numerosioribus</strong></span> <span class='ocrx_word' id='word_1_134' title='bbox 1043 1630 1077 1671; x_wconf 91' lang='lat' dir='ltr'><strong>es</strong></span> 
     </span>
    </p>

    <p class='ocr_par' dir='ltr' id='par_1_7' title="bbox 170 1695 1088 2025">
     <span class='ocr_line' id='line_1_20' title="bbox 171 1695 1088 1775; baseline 0 -20"><span class='ocrx_word' id='word_1_135' title='bbox 171 1705 216 1756; x_wconf 90' lang='lat' dir='ltr'><strong>set</strong></span> <span class='ocrx_word' id='word_1_136' title='bbox 232 1695 416 1774; x_wconf 88' lang='lat' dir='ltr'><strong>epulandum,</strong></span> <span class='ocrx_word' id='word_1_137' title='bbox 440 1699 611 1772; x_wconf 85' lang='lat' dir='ltr'><strong>privatorum</strong></span> <span class='ocrx_word' id='word_1_138' title='bbox 624 1700 650 1756; x_wconf 89' lang='lat' dir='ltr'><strong>ei</strong></span> <span class='ocrx_word' id='word_1_139' title='bbox 663 1707 780 1775; x_wconf 90' lang='lat' dir='ltr'><strong>argento</strong></span> <span class='ocrx_word' id='word_1_140' title='bbox 793 1696 915 1755; x_wconf 90' lang='lat' dir='ltr'><strong>ostiatim</strong></span> <span class='ocrx_word' id='word_1_141' title='bbox 927 1696 1020 1772; x_wconf 88' lang='lat' dir='ltr'><strong>potito</strong></span> <span class='ocrx_word' id='word_1_142' title='bbox 1040 1696 1088 1755; x_wconf 88' lang='lat' dir='ltr'><strong>tri·</strong></span> 
     </span>
     <span class='ocr_line' id='line_1_21' title="bbox 172 1778 1087 1856; baseline -0.001 -18"><span class='ocrx_word' id='word_1_143' title='bbox 172 1779 255 1839; x_wconf 92' lang='lat' dir='ltr'><strong>clinia</strong></span> <span class='ocrx_word' id='word_1_144' title='bbox 268 1788 468 1839; x_wconf 85' lang='lat' dir='ltr'><strong>sternerentur.</strong></span> <span class='ocrx_word' id='word_1_145' title='bbox 491 1779 544 1839; x_wconf 86' lang='lat' dir='ltr'><strong>llio</strong></span> <span class='ocrx_word' id='word_1_146' title='bbox 555 1797 611 1840; x_wconf 90' lang='lat' dir='ltr'><strong>non</strong></span> <span class='ocrx_word' id='word_1_147' title='bbox 621 1780 705 1840; x_wconf 92' lang='lat' dir='ltr'><strong>modo</strong></span> <span class='ocrx_word' id='word_1_148' title='bbox 722 1780 860 1856; x_wconf 90' lang='lat' dir='ltr'><strong>amabilis,</strong></span> <span class='ocrx_word' id='word_1_149' title='bbox 873 1778 925 1838; x_wconf 91' lang='lat' dir='ltr'><strong>sed</strong></span> <span class='ocrx_word' id='word_1_150' title='bbox 938 1781 1024 1838; x_wconf 89' lang='lat' dir='ltr'><strong>etiam</strong></span> <span class='ocrx_word' id='word_1_151' title='bbox 1036 1796 1087 1838; x_wconf 84' lang='lat' dir='ltr'><strong>vo·</strong></span> 
     </span>
     <span class='ocr_line' id='line_1_22' title="bbox 170 1861 1088 1944; baseline 0 -22"><span class='ocrx_word' id='word_1_152' title='bbox 170 1863 305 1923; x_wconf 89' lang='lat' dir='ltr'><strong>nerabilis</strong></span> <span class='ocrx_word' id='word_1_153' title='bbox 330 1861 416 1921; x_wconf 85' lang='lat' dir='ltr'><strong>Gallis</strong></span> <span class='ocrx_word' id='word_1_154' title='bbox 440 1865 501 1940; x_wconf 90' lang='lat' dir='ltr'><strong>luit,</strong></span> <span class='ocrx_word' id='word_1_155' title='bbox 526 1866 681 1942; x_wconf 86' lang='lat' dir='ltr'><strong>praecipue</strong></span> <span class='ocrx_word' id='word_1_156' title='bbox 699 1864 775 1943; x_wconf 86' lang='lat' dir='ltr'><strong>quod</strong></span> <span class='ocrx_word' id='word_1_157' title='bbox 791 1863 963 1923; x_wconf 85' lang='lat' dir='ltr'><strong>Diocletiani</strong></span> <span class='ocrx_word' id='word_1_158' title='bbox 983 1879 1088 1944; x_wconf 81' lang='lat' dir='ltr'><strong>suspo-</strong></span> 
     </span>
     <span class='ocr_line' id='line_1_23' title="bbox 171 1946 1087 2025; baseline 0.001 -20"><span class='ocrx_word' id='word_1_159' title='bbox 171 1955 243 2005; x_wconf 90' lang='lat' dir='ltr'><strong>otam</strong></span> <span class='ocrx_word' id='word_1_160' title='bbox 255 1946 430 2024; x_wconf 89' lang='lat' dir='ltr'><strong>prudentiam</strong></span> <span class='ocrx_word' id='word_1_161' title='bbox 452 1956 480 2006; x_wconf 88' lang='lat' dir='ltr'><strong>et</strong></span> <span class='ocrx_word' id='word_1_162' title='bbox 496 1947 654 2007; x_wconf 83' lang='lat' dir='ltr'><strong>Maximiani</strong></span> <span class='ocrx_word' id='word_1_163' title='bbox 676 1949 880 2025; x_wconf 77' lang='lat' dir='ltr'><strong>sanguinariam</strong></span> <span class='ocrx_word' id='word_1_164' title='bbox 898 1948 1087 2006; x_wconf 85' lang='lat' dir='ltr'><strong>temeritatem</strong></span> 
     </span>
    </p>

    <p class='ocr_par' dir='ltr' id='par_1_8' title="bbox 102 2028 1092 2943">
     <span class='ocr_line' id='line_1_24' title="bbox 119 2028 1088 2107; baseline 0 -19"><span class='ocrx_word' id='word_1_165' title='bbox 119 2048 145 2096; x_wconf 81' lang='lat' dir='ltr'><strong>p,</strong></span> <span class='ocrx_word' id='word_1_166' title='bbox 171 2032 289 2107; x_wconf 89' lang='lat' dir='ltr'><strong>imperio</strong></span> <span class='ocrx_word' id='word_1_167' title='bbox 303 2032 364 2089; x_wconf 88' lang='lat' dir='ltr'><strong>eius</strong></span> <span class='ocrx_word' id='word_1_168' title='bbox 378 2042 534 2095; x_wconf 82' lang='lat' dir='ltr'><strong>evaserant.</strong></span> <span class='ocrx_word' id='word_1_169' title='bbox 561 2031 638 2092; x_wconf 90' lang='lat' dir='ltr'><strong>Obiit</strong></span> <span class='ocrx_word' id='word_1_170' title='bbox 649 2035 676 2091; x_wconf 90' lang='lat' dir='ltr'><strong>in</strong></span> <span class='ocrx_word' id='word_1_171' title='bbox 687 2031 827 2091; x_wconf 87' lang='lat' dir='ltr'><strong>Britannia</strong></span> <span class='ocrx_word' id='word_1_172' title='bbox 842 2028 965 2089; x_wconf 83' lang='lat' dir='ltr'><strong>Eboraci</strong></span> <span class='ocrx_word' id='word_1_173' title='bbox 983 2029 1088 2107; x_wconf 88' lang='lat' dir='ltr'><strong>princi·</strong></span> 
     </span>
     <span class='ocr_line' id='line_1_25' title="bbox 102 2113 1092 2193; baseline 0.001 -20"><span class='ocrx_word' id='word_1_174' title='bbox 102 2123 158 2165; x_wconf 79' lang='lat' dir='ltr'><strong>C-N·</strong></span> <span class='ocrx_word' id='word_1_175' title='bbox 172 2124 253 2192; x_wconf 88' lang='lat' dir='ltr'><strong>patus</strong></span> <span class='ocrx_word' id='word_1_176' title='bbox 265 2132 336 2173; x_wconf 88' lang='lat' dir='ltr'><strong>anno</strong></span> <span class='ocrx_word' id='word_1_177' title='bbox 348 2117 432 2174; x_wconf 90' lang='lat' dir='ltr'><strong>tertio</strong></span> <span class='ocrx_word' id='word_1_178' title='bbox 445 2114 554 2175; x_wconf 90' lang='lat' dir='ltr'><strong>decimo</strong></span> <span class='ocrx_word' id='word_1_179' title='bbox 567 2125 652 2193; x_wconf 90' lang='lat' dir='ltr'><strong>atque</strong></span> <span class='ocrx_word' id='word_1_180' title='bbox 664 2118 736 2175; x_wconf 89' lang='lat' dir='ltr'><strong>inter</strong></span> <span class='ocrx_word' id='word_1_181' title='bbox 746 2114 836 2174; x_wconf 83' lang='lat' dir='ltr'><strong>Divos</strong></span> <span class='ocrx_word' id='word_1_182' title='bbox 847 2113 952 2173; x_wconf 88' lang='lat' dir='ltr'><strong>relatus</strong></span> <span class='ocrx_word' id='word_1_183' title='bbox 964 2123 1021 2174; x_wconf 88' lang='lat' dir='ltr'><strong>est.</strong></span> <span class='ocrx_word' id='word_1_184' title='bbox 1077 2126 1092 2147; x_wconf 70' lang='lat'>³</span> 
     </span>
     <span class='ocr_line' id='line_1_26' title="bbox 112 2190 1087 2276; baseline -0.001 -19"><span class='ocrx_word' id='word_1_185' title='bbox 112 2190 158 2232; x_wconf 71' lang='lat'><strong>³⁰⁶·</strong></span> <span class='ocrx_word' id='word_1_186' title='bbox 236 2198 322 2258; x_wconf 81' lang='lat' dir='ltr'><strong>Car.</strong></span> <span class='ocrx_word' id='word_1_187' title='bbox 335 2195 371 2260; x_wconf 84' lang='lat'><strong>11.</strong></span> <span class='ocrx_word' id='word_1_188' title='bbox 386 2196 524 2272; x_wconf 86' lang='lat' dir='ltr'><strong>Galerius,</strong></span> <span class='ocrx_word' id='word_1_189' title='bbox 536 2202 579 2259; x_wconf 90' lang='lat' dir='ltr'><strong>vir</strong></span> <span class='ocrx_word' id='word_1_190' title='bbox 591 2209 619 2258; x_wconf 92' lang='lat' dir='ltr'><strong>et</strong></span> <span class='ocrx_word' id='word_1_191' title='bbox 629 2200 720 2276; x_wconf 89' lang='lat' dir='ltr'><strong>probe</strong></span> <span class='ocrx_word' id='word_1_192' title='bbox 731 2206 855 2258; x_wconf 89' lang='lat' dir='ltr'><strong>moratus</strong></span> <span class='ocrx_word' id='word_1_193' title='bbox 867 2206 896 2256; x_wconf 92' lang='lat' dir='ltr'><strong>et</strong></span> <span class='ocrx_word' id='word_1_194' title='bbox 909 2199 1048 2274; x_wconf 84' lang='lat' dir='ltr'><strong>egregius</strong></span> <span class='ocrx_word' id='word_1_195' title='bbox 1059 2197 1087 2256; x_wconf 94' lang='lat' dir='ltr'><strong>in</strong></span> 
     </span>
     <span class='ocr_line' id='line_1_27' title="bbox 119 2279 1087 2360; baseline 0.002 -23"><span class='ocrx_word' id='word_1_196' title='bbox 119 2283 145 2322; x_wconf 76' lang='lat' dir='ltr'><strong>P·</strong></span> <span class='ocrx_word' id='word_1_197' title='bbox 172 2281 334 2352; x_wconf 68' lang='lat' dir='ltr'><strong>remilium,</strong></span> <span class='ocrx_word' id='word_1_198' title='bbox 348 2299 410 2339; x_wconf 92' lang='lat' dir='ltr'><strong>cum</strong></span> <span class='ocrx_word' id='word_1_199' title='bbox 421 2279 527 2341; x_wconf 85' lang='lat' dir='ltr'><strong>ltaliam</strong></span> <span class='ocrx_word' id='word_1_200' title='bbox 539 2299 654 2360; x_wconf 91' lang='lat' dir='ltr'><strong>quoque</strong></span> <span class='ocrx_word' id='word_1_201' title='bbox 667 2287 777 2342; x_wconf 88' lang='lat' dir='ltr'><strong>sinente</strong></span> <span class='ocrx_word' id='word_1_202' title='bbox 787 2281 953 2342; x_wconf 88' lang='lat' dir='ltr'><strong>Constantio</strong></span> <span class='ocrx_word' id='word_1_203' title='bbox 968 2280 1087 2340; x_wconf 90' lang='lat' dir='ltr'><strong>admini-</strong></span> 
     </span>
     <span class='ocr_line' id='line_1_28' title="bbox 102 2350 1086 2441; baseline 0.003 -21"><span class='ocrx_word' id='word_1_204' title='bbox 102 2350 160 2430; x_wconf 57' lang='lat' dir='ltr'><strong>fflff·</strong></span> <span class='ocrx_word' id='word_1_205' title='bbox 172 2366 297 2422; x_wconf 87' lang='lat' dir='ltr'><strong>strationi</strong></span> <span class='ocrx_word' id='word_1_206' title='bbox 313 2382 381 2421; x_wconf 87' lang='lat' dir='ltr'><strong>suae</strong></span> <span class='ocrx_word' id='word_1_207' title='bbox 398 2368 559 2424; x_wconf 87' lang='lat' dir='ltr'><strong>accessisse</strong></span> <span class='ocrx_word' id='word_1_208' title='bbox 571 2369 704 2441; x_wconf 90' lang='lat' dir='ltr'><strong>sentiret,</strong></span> <span class='ocrx_word' id='word_1_209' title='bbox 723 2365 863 2426; x_wconf 90' lang='lat' dir='ltr'><strong>Caesares</strong></span> <span class='ocrx_word' id='word_1_210' title='bbox 881 2363 953 2424; x_wconf 92' lang='lat' dir='ltr'><strong>duos</strong></span> <span class='ocrx_word' id='word_1_211' title='bbox 965 2365 1086 2440; x_wconf 81' lang='lat' dir='ltr'><strong>crearit,</strong></span> 
     </span>
     <span class='ocr_line' id='line_1_29' title="bbox 112 2418 1087 2527; baseline 0.006 -25"><span class='ocrx_word' id='word_1_212' title='bbox 112 2418 157 2527; x_wconf 40' lang='grc' dir='ltr'><strong>ξ’·</strong></span> <span class='ocrx_word' id='word_1_213' title='bbox 170 2444 360 2521; x_wconf 89' lang='lat' dir='ltr'><strong>Maximinum,</strong></span> <span class='ocrx_word' id='word_1_214' title='bbox 379 2464 463 2524; x_wconf 90' lang='lat' dir='ltr'><strong>quem</strong></span> <span class='ocrx_word' id='word_1_215' title='bbox 475 2446 582 2506; x_wconf 86' lang='lat' dir='ltr'><strong>Orienti</strong></span> <span class='ocrx_word' id='word_1_216' title='bbox 595 2450 744 2526; x_wconf 87' lang='lat' dir='ltr'><strong>praefecit,</strong></span> <span class='ocrx_word' id='word_1_217' title='bbox 759 2458 787 2508; x_wconf 91' lang='lat' dir='ltr'><strong>et</strong></span> <span class='ocrx_word' id='word_1_218' title='bbox 798 2450 951 2525; x_wconf 88' lang='lat' dir='ltr'><strong>Severum,</strong></span> <span class='ocrx_word' id='word_1_219' title='bbox 973 2450 1020 2507; x_wconf 92' lang='lat' dir='ltr'><strong>oui</strong></span> <span class='ocrx_word' id='word_1_220' title='bbox 1031 2444 1087 2508; x_wconf 89' lang='lat' dir='ltr'><strong>lta·</strong></span> 
     </span>
     <span class='ocr_line' id='line_1_30' title="bbox 102 2527 1086 2607; baseline 0.006 -22"><span class='ocrx_word' id='word_1_221' title='bbox 102 2555 159 2595; x_wconf 64' lang='lat' dir='ltr'><strong>ma,</strong></span> <span class='ocrx_word' id='word_1_222' title='bbox 170 2527 234 2587; x_wconf 89' lang='lat' dir='ltr'><strong>liam</strong></span> <span class='ocrx_word' id='word_1_223' title='bbox 247 2529 332 2589; x_wconf 87' lang='lat' dir='ltr'><strong>dedit.</strong></span> <span class='ocrx_word' id='word_1_224' title='bbox 361 2527 429 2606; x_wconf 91' lang='lat' dir='ltr'><strong>lpse</strong></span> <span class='ocrx_word' id='word_1_225' title='bbox 440 2531 468 2589; x_wconf 94' lang='lat' dir='ltr'><strong>in</strong></span> <span class='ocrx_word' id='word_1_226' title='bbox 479 2528 593 2607; x_wconf 81' lang='lat' dir='ltr'><strong>Illyrico</strong></span> <span class='ocrx_word' id='word_1_227' title='bbox 608 2542 796 2592; x_wconf 82' lang='lat' dir='ltr'><strong>commoratus</strong></span> <span class='ocrx_word' id='word_1_228' title='bbox 812 2541 865 2592; x_wconf 89' lang='lat' dir='ltr'><strong>est.</strong></span> <span class='ocrx_word' id='word_1_229' title='bbox 890 2532 996 2591; x_wconf 87' lang='lat' dir='ltr'><strong>Verum</strong></span> <span class='ocrx_word' id='word_1_230' title='bbox 1009 2530 1086 2591; x_wconf 89' lang='lat' dir='ltr'><strong>Con·</strong></span> 
     </span>
     <span class='ocr_line' id='line_1_31' title="bbox 111 2611 1087 2690; baseline 0.007 -23"><span class='ocrx_word' id='word_1_231' title='bbox 111 2623 156 2664; x_wconf 77' lang='lat' dir='ltr'><strong>ooo.</strong></span> <span class='ocrx_word' id='word_1_232' title='bbox 171 2613 272 2671; x_wconf 84' lang='lat' dir='ltr'><strong>stantia</strong></span> <span class='ocrx_word' id='word_1_233' title='bbox 295 2621 406 2672; x_wconf 91' lang='lat' dir='ltr'><strong>mortuo</strong></span> <span class='ocrx_word' id='word_1_234' title='bbox 430 2611 641 2690; x_wconf 90' lang='lat' dir='ltr'><strong>Constantinus,</strong></span> <span class='ocrx_word' id='word_1_235' title='bbox 671 2635 707 2676; x_wconf 89' lang='lat' dir='ltr'><strong>ox</strong></span> <span class='ocrx_word' id='word_1_236' title='bbox 727 2617 884 2676; x_wconf 89' lang='lat' dir='ltr'><strong>obscuriori</strong></span> <span class='ocrx_word' id='word_1_237' title='bbox 906 2617 1087 2675; x_wconf 87' lang='lat' dir='ltr'><strong>matrimonio</strong></span> 
     </span>
     <span class='ocr_line' id='line_1_32' title="bbox 171 2695 1087 2778; baseline 0.004 -24"><span class='ocrx_word' id='word_1_238' title='bbox 171 2697 233 2754; x_wconf 90' lang='lat' dir='ltr'><strong>eius</strong></span> <span class='ocrx_word' id='word_1_239' title='bbox 245 2696 329 2772; x_wconf 90' lang='lat' dir='ltr'><strong>lilius,</strong></span> <span class='ocrx_word' id='word_1_240' title='bbox 350 2698 378 2755; x_wconf 95' lang='lat' dir='ltr'><strong>in</strong></span> <span class='ocrx_word' id='word_1_241' title='bbox 394 2695 534 2757; x_wconf 88' lang='lat' dir='ltr'><strong>Britannia</strong></span> <span class='ocrx_word' id='word_1_242' title='bbox 549 2708 659 2758; x_wconf 87' lang='lat' dir='ltr'><strong>oreatus</strong></span> <span class='ocrx_word' id='word_1_243' title='bbox 676 2708 721 2759; x_wconf 91' lang='lat' dir='ltr'><strong>est</strong></span> <span class='ocrx_word' id='word_1_244' title='bbox 736 2702 890 2778; x_wconf 89' lang='lat' dir='ltr'><strong>imperator</strong></span> <span class='ocrx_word' id='word_1_245' title='bbox 905 2707 934 2757; x_wconf 90' lang='lat' dir='ltr'><strong>et</strong></span> <span class='ocrx_word' id='word_1_246' title='bbox 950 2698 1087 2758; x_wconf 90' lang='lat' dir='ltr'><strong>inlocum</strong></span> 
     </span>
     <span class='ocr_line' id='line_1_33' title="bbox 170 2780 1087 2858; baseline 0.005 -20"><span class='ocrx_word' id='word_1_247' title='bbox 170 2780 257 2857; x_wconf 88' lang='lat' dir='ltr'><strong>patris</strong></span> <span class='ocrx_word' id='word_1_248' title='bbox 270 2782 499 2858; x_wconf 85' lang='lat' dir='ltr'><strong>exoptatissimus</strong></span> <span class='ocrx_word' id='word_1_249' title='bbox 510 2781 672 2841; x_wconf 86' lang='lat' dir='ltr'><strong>moderator</strong></span> <span class='ocrx_word' id='word_1_250' title='bbox 690 2785 821 2844; x_wconf 89' lang='lat' dir='ltr'><strong>accessit.</strong></span> <span class='ocrx_word' id='word_1_251' title='bbox 853 2783 962 2843; x_wconf 87' lang='lat' dir='ltr'><strong>Romae</strong></span> <span class='ocrx_word' id='word_1_252' title='bbox 975 2783 1087 2843; x_wconf 85' lang='lat' dir='ltr'><strong>interca</strong></span> 
     </span>
     <span class='ocr_line' id='line_1_34' title="bbox 170 2864 1086 2943; baseline 0.007 -23"><span class='ocrx_word' id='word_1_253' title='bbox 170 2865 340 2939; x_wconf 90' lang='lat' dir='ltr'><strong>praetoriani</strong></span> <span class='ocrx_word' id='word_1_254' title='bbox 358 2867 480 2923; x_wconf 88' lang='lat' dir='ltr'><strong>excitato</strong></span> <span class='ocrx_word' id='word_1_255' title='bbox 501 2864 616 2924; x_wconf 91' lang='lat' dir='ltr'><strong>tumultu</strong></span> <span class='ocrx_word' id='word_1_256' title='bbox 633 2865 820 2942; x_wconf 80' lang='lat' dir='ltr'><strong>Maxentium,</strong></span> <span class='ocrx_word' id='word_1_257' title='bbox 840 2865 965 2926; x_wconf 89' lang='lat' dir='ltr'><strong>Herculii</strong></span> <span class='ocrx_word' id='word_1_258' title='bbox 985 2865 1086 2943; x_wconf 87' lang='lat' dir='ltr'><strong>lilium,</strong></span> 
     </span>
    </p>

    <p class='ocr_par' dir='ltr' id='par_1_9' title="bbox 101 2947 1087 3446">
     <span class='ocr_line' id='line_1_35' title="bbox 118 2947 1085 3027; baseline 0.004 -21"><span class='ocrx_word' id='word_1_259' title='bbox 118 2967 143 3006; x_wconf 79' lang='lat' dir='ltr'><strong>u.</strong></span> <span class='ocrx_word' id='word_1_260' title='bbox 171 2947 217 3024; x_wconf 87' lang='lat' dir='ltr'><strong>qui</strong></span> <span class='ocrx_word' id='word_1_261' title='bbox 238 2948 310 3005; x_wconf 85' lang='lat' dir='ltr'><strong>baud</strong></span> <span class='ocrx_word' id='word_1_262' title='bbox 329 2947 430 3024; x_wconf 90' lang='lat' dir='ltr'><strong>procul</strong></span> <span class='ocrx_word' id='word_1_263' title='bbox 447 2949 481 3008; x_wconf 92' lang='lat' dir='ltr'><strong>ab</strong></span> <span class='ocrx_word' id='word_1_264' title='bbox 494 2949 563 3009; x_wconf 87' lang='lat' dir='ltr'><strong>urbe</strong></span> <span class='ocrx_word' id='word_1_265' title='bbox 578 2952 605 3008; x_wconf 93' lang='lat' dir='ltr'><strong>in</strong></span> <span class='ocrx_word' id='word_1_266' title='bbox 621 2950 687 3010; x_wconf 84' lang='lat' dir='ltr'><strong>villa</strong></span> <span class='ocrx_word' id='word_1_267' title='bbox 702 2949 815 3027; x_wconf 88' lang='lat' dir='ltr'><strong>publica</strong></span> <span class='ocrx_word' id='word_1_268' title='bbox 831 2951 1006 3026; x_wconf 91' lang='lat' dir='ltr'><strong>morabatur,</strong></span> <span class='ocrx_word' id='word_1_269' title='bbox 1025 2949 1085 3010; x_wconf 85' lang='lat' dir='ltr'><strong>Au·</strong></span> 
     </span>
     <span class='ocr_line' id='line_1_36' title="bbox 101 3031 1087 3109; baseline 0.006 -22"><span class='ocrx_word' id='word_1_270' title='bbox 101 3034 160 3076; x_wconf 60' lang='lat' dir='ltr'><strong>GN·</strong></span> <span class='ocrx_word' id='word_1_271' title='bbox 169 3040 280 3107; x_wconf 91' lang='lat' dir='ltr'><strong>gustum</strong></span> <span class='ocrx_word' id='word_1_272' title='bbox 295 3042 533 3109; x_wconf 87' lang='lat' dir='ltr'><strong>nuncupaverunt.</strong></span> <span class='ocrx_word' id='word_1_273' title='bbox 556 3031 620 3106; x_wconf 82' lang='lat' dir='ltr'><strong>Quo</strong></span> <span class='ocrx_word' id='word_1_274' title='bbox 632 3036 728 3093; x_wconf 88' lang='lat' dir='ltr'><strong>nuntio</strong></span> <span class='ocrx_word' id='word_1_275' title='bbox 738 3032 921 3093; x_wconf 80' lang='lat' dir='ltr'><strong>Maximianus</strong></span> <span class='ocrx_word' id='word_1_276' title='bbox 934 3033 1087 3093; x_wconf 88' lang='lat' dir='ltr'><strong>Herculius</strong></span> 
     </span>
     <span class='ocr_line' id='line_1_37' title="bbox 170 3113 1086 3195; baseline 0.005 -23"><span class='ocrx_word' id='word_1_277' title='bbox 170 3113 203 3173; x_wconf 90' lang='lat' dir='ltr'><strong>ad</strong></span> <span class='ocrx_word' id='word_1_278' title='bbox 217 3131 296 3191; x_wconf 89' lang='lat' dir='ltr'><strong>spem</strong></span> <span class='ocrx_word' id='word_1_279' title='bbox 312 3124 437 3174; x_wconf 86' lang='lat' dir='ltr'><strong>arrectus</strong></span> <span class='ocrx_word' id='word_1_280' title='bbox 449 3116 609 3174; x_wconf 85' lang='lat' dir='ltr'><strong>resumendi</strong></span> <span class='ocrx_word' id='word_1_281' title='bbox 622 3118 745 3194; x_wconf 84' lang='lat' dir='ltr'><strong>fastigii,</strong></span> <span class='ocrx_word' id='word_1_282' title='bbox 768 3116 844 3195; x_wconf 87' lang='lat' dir='ltr'><strong>quod</strong></span> <span class='ocrx_word' id='word_1_283' title='bbox 861 3119 963 3176; x_wconf 87' lang='lat' dir='ltr'><strong>invitus</strong></span> <span class='ocrx_word' id='word_1_284' title='bbox 980 3119 1086 3177; x_wconf 87' lang='lat' dir='ltr'><strong>amise-</strong></span> 
     </span>
     <span class='ocr_line' id='line_1_38' title="bbox 170 3197 1086 3279; baseline 0.007 -23"><span class='ocrx_word' id='word_1_285' title='bbox 170 3207 222 3274; x_wconf 86' lang='lat' dir='ltr'><strong>rat,</strong></span> <span class='ocrx_word' id='word_1_286' title='bbox 233 3197 350 3257; x_wconf 84' lang='lat' dir='ltr'><strong>Romam</strong></span> <span class='ocrx_word' id='word_1_287' title='bbox 362 3197 503 3260; x_wconf 88' lang='lat' dir='ltr'><strong>advolavit</strong></span> <span class='ocrx_word' id='word_1_288' title='bbox 516 3199 669 3276; x_wconf 86' lang='lat' dir='ltr'><strong>eLuoauia,</strong></span> <span class='ocrx_word' id='word_1_289' title='bbox 685 3218 767 3279; x_wconf 88' lang='lat' dir='ltr'><strong>quam</strong></span> <span class='ocrx_word' id='word_1_290' title='bbox 780 3199 877 3260; x_wconf 88' lang='lat' dir='ltr'><strong>sedem</strong></span> <span class='ocrx_word' id='word_1_291' title='bbox 886 3203 1011 3278; x_wconf 88' lang='lat' dir='ltr'><strong>privatus</strong></span> <span class='ocrx_word' id='word_1_292' title='bbox 1024 3201 1086 3262; x_wconf 88' lang='lat' dir='ltr'><strong>ole-</strong></span> 
     </span>
     <span class='ocr_line' id='line_1_39' title="bbox 170 3283 1086 3361; baseline 0.004 -20"><span class='ocrx_word' id='word_1_293' title='bbox 170 3291 260 3360; x_wconf 81' lang='lat' dir='ltr'><strong>gerat,</strong></span> <span class='ocrx_word' id='word_1_294' title='bbox 278 3283 306 3341; x_wconf 91' lang='lat' dir='ltr'><strong>in</strong></span> <span class='ocrx_word' id='word_1_295' title='bbox 317 3283 393 3361; x_wconf 85' lang='lat' dir='ltr'><strong>agris</strong></span> <span class='ocrx_word' id='word_1_296' title='bbox 405 3285 610 3343; x_wconf 89' lang='lat' dir='ltr'><strong>amoenissimis</strong></span> <span class='ocrx_word' id='word_1_297' title='bbox 624 3299 845 3358; x_wconf 89' lang='lat' dir='ltr'><strong>consenescens,</strong></span> <span class='ocrx_word' id='word_1_298' title='bbox 861 3283 1086 3345; x_wconf 88' lang='lat' dir='ltr'><strong>Diocletianum·</strong></span> 
     </span>
     <span class='ocr_line' id='line_1_40' title="bbox 172 3365 1087 3446; baseline 0.007 -21"><span class='ocrx_word' id='word_1_299' title='bbox 172 3385 228 3444; x_wconf 85' lang='lat' dir='ltr'><strong>que</strong></span> <span class='ocrx_word' id='word_1_300' title='bbox 244 3368 325 3426; x_wconf 88' lang='lat' dir='ltr'><strong>etiam</strong></span> <span class='ocrx_word' id='word_1_301' title='bbox 337 3384 389 3446; x_wconf 85' lang='lat' dir='ltr'><strong>per</strong></span> <span class='ocrx_word' id='word_1_302' title='bbox 398 3367 493 3428; x_wconf 91' lang='lat' dir='ltr'><strong>literas</strong></span> <span class='ocrx_word' id='word_1_303' title='bbox 505 3367 666 3427; x_wconf 84' lang='lat' dir='ltr'><strong>adhortatus</strong></span> <span class='ocrx_word' id='word_1_304' title='bbox 678 3375 732 3442; x_wconf 90' lang='lat' dir='ltr'><strong>ost,</strong></span> <span class='ocrx_word' id='word_1_305' title='bbox 746 3374 775 3424; x_wconf 89' lang='lat' dir='ltr'><strong>ut</strong></span> <span class='ocrx_word' id='word_1_306' title='bbox 787 3365 945 3443; x_wconf 87' lang='lat' dir='ltr'><strong>depositam</strong></span> <span class='ocrx_word' id='word_1_307' title='bbox 957 3387 1087 3430; x_wconf 85' lang='lat' dir='ltr'><strong>resumo·</strong></span> 
     </span>
    </p>
   </div>
   <div class='ocr_carea' id='block_1_6' title="bbox 911 3562 1075 3778">
    <p class='ocr_par' dir='ltr' id='par_1_10' title="bbox 911 3562 1075 3778">
     <span class='ocr_line' id='line_1_41' title="bbox 911 3562 1075 3778; baseline 0 -207"><span class='ocrx_word' id='word_1_308' title='bbox 911 3626 995 3778; x_wconf 46' lang='grc' dir='ltr'>ι</span> <span class='ocrx_word' id='word_1_309' title='bbox 1070 3562 1075 3571; x_wconf 81' lang='grc'>,</span> 
     </span>
    </p>
   </div>
   <div class='ocr_carea' id='block_1_7' title="bbox 0 0 1138 3832">
    <p class='ocr_par' dir='ltr' id='par_1_11' title="bbox 0 0 1138 3832">
     <span class='ocr_line' id='line_1_42' title="bbox 0 0 1138 3832; baseline 0 0"><span class='ocrx_word' id='word_1_310' title='bbox 0 0 1138 3832; x_wconf 95' lang='lat' dir='ltr'><strong> </strong></span> 
     </span>
    </p>
   </div>
  </div>
 </body>
</html>
