2266 3832
105 181 147 241 50
464 188 570 237 suom
584 188 752 238 srmone.
868 170 871 175 ’

103 365 164 409 rex
190 343 260 427 ipse
287 341 431 404 Vituitus
462 339 675 405 discoloribus
702 339 738 403 in
766 341 866 405 armis
895 352 1111 433 argenteoque

77 434 272 511 ecarpento,
295 423 399 510 qualis
442 432 632 509 ugnaverat.
659 423 828 510 utriusque
847 424 1012 493 victoriae
1034 428 1111 516 qnod

105 518 258 597 quantum
281 529 322 571 ue
344 446 499 591 gaudium
515 507 627 588 fuerit,
650 505 705 570 vel
721 506 799 571 hino
813 509 986 575 aestimari
1002 520 1110 596 potest,

104 593 191 680 quod
218 600 250 655 et
312 591 440 655 omitius
467 588 703 655 Ahenobarbus
731 598 764 654 et
793 589 919 657 Fabius
949 592 1110 659 Maximus

102 679 182 761 ipsis
205 673 321 760 quibus
343 674 575 739 dimicaverant
601 672 682 738 loeis
703 694 819 738 saxeas
842 695 981 741 erexere
1002 686 1127 759 turmas

103 770 135 824 et
155 760 293 843 desuper
315 765 471 822 exornata
492 758 590 820 armis
611 755 784 822 hostilibus
804 766 942 843 tropaea
961 759 1111 843 fixerunt

103 865 176 908 cum
194 842 247 905 hic
267 862 336 905 mos
358 841 530 905 inusitatus
551 840 650 904 fuerit
669 841 800 905 nostris.
827 862 1010 928 numquam
1032 845 1112 910 enim

101 925 239 1074 populus
267 924 432 988 Romanus
466 923 612 991 hostibus
639 923 769 989 domitis
796 924 971 991 victoriam
1001 947 1112 1014 expro-

125 1011 220 1074 ravit.

102 1140 302 1207 XXXVIII.
328 1138 514 1215 BELLVM
535 1138 792 1206 CIMBRIOVM
812 1138 1127 1211 Tevromcvnr

472 1222 739 1289 TIGVRINVM.

76 1449 403 1584 oddiadbbdegsl'toto
421 1509 499 1573 orbe
517 1509 730 1608 quaerebant,
751 1508 942 1608 exclusique
957 1518 991 1574 et
1003 1474 1112 1575 Gaui

102 1605 135 1660 et
150 1593 312 1678 Hispania
328 1614 402 1656 oum
418 1593 453 1655 in
464 1592 593 1656 Itaham
604 1592 837 1676 demigrarent,
853 1614 973 1657 mrsere
984 1591 1128 1679 legatosl

101 1681 136 1742 in
153 1686 261 1741 eastra
278 1673 394 1755 Silani,
412 1675 489 1739 inde
506 1675 549 1739 ad
571 1684 732 1757 senatum,
754 1683 902 1760 petentes
917 1684 956 1741 ut
971 1676 1112 1741 Martius

100 1759 239 1847 populus
261 1758 385 1844 aliquid
402 1758 465 1822 sibi
481 1767 588 1823 terrae
604 1759 698 1824 daret
714 1759 807 1845 quasi
824 1759 1041 1845 stipendium,
1063 1781 1113 1824 oe

101 1855 207 1909 terum
232 1851 268 1905 ut
295 1840 396 1905 vellet
422 1840 572 1906 manibus
601 1851 698 1929 atque
727 1842 827 1907 armis
855 1842 922 1906 suis
952 1850 1111 1907 uteretur.

76 1928 162 2000 3sed
183 1947 263 2011 quas
287 1925 380 1989 daret
400 1935 503 1990 terras
526 1925 664 2033 populus
688 1925 854 1990 Romanus
873 1926 1015 2010 agrariis
1032 1924 1112 2010 legi-

99 2011 161 2076 bus
183 2011 269 2074 inter
290 2031 325 2073 se
347 2009 581 2074 dimicaturus?
606 2007 729 2095 repulsi
750 2009 865 2094 igitur,
888 2008 977 2095 quod
997 2009 1124 2096 nequi·

76 2103 219 2164 overent
239 2093 405 2179 precibus,
428 2096 525 2158 armis
544 2100 654 2180 petere
676 2101 861 2179 coeperunt.
889 2091 949 2157 sed
968 2113 1033 2157 nec
1070 2092 1113 2155 ri·

102 2201 190 2243 mum
206 2179 360 2264 impetum
375 2176 589 2242 barbarorum
606 2174 749 2256 Silanus,
767 2197 829 2240 nec
845 2174 1037 2240 secundum>

102 2262 219 2343 nilius,
242 2284 304 2326 nec
319 2263 451 2326 tertium
469 2260 590 2345 Caepio
608 2259 767 2324 sustinere
782 2267 973 2344 potuerunt3
997 2279 1112 2324 omnes

78 2346 139 2409 esu
164 2346 223 2425 ati,
250 2345 488 2411 exuticastris.
515 2351 622 2406 actum
644 2350 726 2424 erat,
751 2344 816 2406 nisi
831 2342 955 2407 Marius
974 2340 1026 2406 illi
1042 2363 1112 2406 sae·

102 2368 175 2491 culo
198 2427 396 2510 contigisset.
428 2427 484 2491 ille
507 2447 634 2512 quoque
662 2447 728 2491 non
748 2447 846 2490 ausus
868 2445 906 2490 co
971 2424 1027 2491 edi
1049 2433 1127 2489 sta·

101 2511 160 2574 tim
181 2509 316 2572 militem
334 2510 439 2573 tenuit
454 2511 489 2574 in
507 2511 637 2591 eastris,
661 2510 764 2575 donec
781 2509 905 2574 invicta
925 2510 932 2525 '
999 2508 1112 2573 rabies

103 2601 136 2656 et
160 2593 315 2678 impetus,
348 2614 443 2678 quem
470 2613 529 2679 pro
559 2594 679 2657 virtute
706 2591 838 2657 barbari
864 2591 1002 2674 habent,
1036 2612 1112 2657 con·

78 2684 297 2742 tsenesceret.
336 2698 501 2740 recessere
533 2677 632 2824 iiim
657 2677 862 2763 increpantes
890 2684 924 2741 et
947 2713 992 2727 —-
1018 2683 1114 2741 muta

104 2768 173 2823 erat
202 2759 379 2845 capiendae
408 2758 499 2823 urbis
523 2760 546 2823 fi
569 2761 643 2824 ucia
662 2798 706 2808 -
731 2758 951 2841 consulentes,
979 2757 1113 2846 siquid

103 2843 146 2906 ad
166 2863 286 2906 uxores
308 2864 384 2906 suas
406 2844 607 2908 mandarent.
640 2864 700 2907 nec
721 2843 853 2928 segnius
877 2844 974 2930 quain
995 2842 1125 2906 minati

102 2925 232 2989 fuerant
259 2927 420 3012 tripertito
450 2928 579 3012 agmine
608 2928 643 2990 in
669 2927 791 3013 Alpes,
822 2927 858 2992 id
886 2934 936 2991 est
966 2925 1111 2990 claustra

77 3008 233 3090 tltaliae,
256 3009 454 3074 ferebantur.
485 3012 608 3076 Marius
628 3012 711 3074 mira
731 3012 840 3075 statim
861 3009 1035 3076 velocitate
1059 3030 1112 3073 oc-

104 3093 229 3178 cupatis
250 3092 449 3178 compendiis
472 3096 641 3180 praevenit
657 3095 795 3177 hostem,
818 3093 1008 3181 prioresque
1025 3092 1112 3157 Ten-

102 3186 195 3241 tonas
223 3175 283 3240 sub
309 3177 389 3262 ipsis
417 3177 550 3263 Alpium
576 3179 741 3244 radicibus
772 3178 944 3244 adsecutus
975 3175 1012 3239 in
1036 3174 1111 3241 loeo

90 3283 201 3347 ¹quem
217 3262 329 3346 Aquas
347 3259 475 3326 Sextias
490 3271 610 3327 vocant
625 3284 688 3348 quo
699 3300 743 3312 -
755 3262 853 3327 fidem
869 3259 1052 3327 numinum!
1066 3296 1110 3309 -
1132 3300 1133 3304 =

79 3345 229 3429 sproelio
257 3346 431 3431 oppressit!
466 3344 586 3410 vallem
614 3345 813 3430 fluviumque
833 3344 975 3409 medium
998 3341 1109 3409 hostes

103 3427 271 3508 tenebant,
296 3429 415 3493 nostris
438 3450 593 3512 aquarum
614 3428 702 3492 nul-1.
758 3430 820 3488 mia
863 3424 1054 3490 consultans
1075 3424 1111 3490 id
