2266 3832
114 235 155 299 70
386 234 427 294 Μ.
447 234 589 293 vnttnt
608 232 825 294 PATERCULI

80 396 96 445 t
113 393 197 447 esset
211 385 332 459 roboris
347 391 378 444 et
392 391 459 444 uter
474 384 607 458 populus
628 384 713 442 alleri
736 384 888 458 pariturus
909 385 998 443 soret.
1031 382 1096 443 Has

115 471 203 545 igitur
219 469 391 545 provincias
408 475 468 527 tam
483 468 627 541 diffusas,
650 474 710 526 tam
731 468 912 543 frequentis,
934 474 995 526 tam
1012 468 1095 527 ieras

114 556 231 613 adeam
248 568 353 627 pacem
367 551 475 611 abhinc
491 567 589 611 annos
605 553 698 610 ferme
715 551 933 626 quinquaginta
950 550 1096 626 perduxit

114 637 226 697 Caesar
240 641 414 710 Augustus,
433 642 465 693 ut
481 651 559 709 quae
575 635 713 694 maximis
728 634 815 694 bellis
830 651 986 708 nunquam
1003 650 1094 695 vaca·

114 727 234 791 verant,
258 736 313 778 eae
329 719 385 778 sub
402 717 432 778 C.
448 720 580 778 Antistio
604 734 639 777 ac
655 718 766 777 deinde
782 717 814 776 P.
831 717 905 779 Silio
924 720 1026 793 legato
1045 734 1093 778 ce-

113 805 247 877 terisque
265 812 373 877 postea
388 801 477 861 etiam
492 802 657 862 latrociniis
672 807 826 861 vacarent.

83 898 93 947 t
195 887 269 946 xct.
305 888 382 945 Dum
410 894 537 960 pacatur
559 886 723 956 Occidens,
751 887 789 944 ab
811 884 933 945 Oriente
958 901 994 945 ac
1020 900 1092 961 rege

115 971 290 1031 Parthorum
306 971 395 1044 signa
410 971 558 1041 Romana,
577 985 656 1044 quae
669 968 780 1029 Crasso
796 985 949 1043 oppresso
963 968 1091 1042 Orodes,

114 1071 193 1130 quae
209 1055 341 1115 Antonio
362 1055 453 1129 pulso
476 1054 556 1113 filius
577 1055 643 1113 eius
658 1052 824 1113 Phrahates
847 1059 1007 1127 ceperant,
1029 1054 1092 1112 Au·

113 1147 202 1213 gusto
217 1139 347 1198 remissa
363 1146 448 1208 sunt;
474 1138 557 1212 quod
573 1152 743 1212 cognomen
765 1138 806 1195 illi
821 1141 887 1197 iure
901 1136 1005 1196 Planci
1023 1152 1090 1196 sen·

113 1224 204 1283 tentia
219 1238 392 1283 consensus
408 1221 544 1282 universi
566 1227 691 1281 senalus
714 1221 882 1295 populique
897 1220 1027 1280 Romani
1048 1224 1090 1278 in·

79 1310 96 1362 2
112 1306 195 1366 didit.
218 1307 312 1366 Erant
322 1313 432 1379 tamen,
445 1307 495 1380 qui
506 1307 587 1365 hunc
602 1306 809 1365 felicissimum
817 1312 927 1366 statum
937 1304 1091 1371 odissent;

114 1389 228 1466 quippe
248 1392 280 1451 L.
303 1391 430 1450 llllurena
455 1398 484 1449 et
503 1389 636 1449 Fannius
659 1389 771 1463 Caepio
798 1389 929 1448 diversis
955 1388 1091 1447 moribus

112 1481 196 1547 (nam
210 1476 336 1535 llllurena
352 1476 418 1533 sine
434 1474 493 1534 lroc
509 1474 643 1533 lacinorc
659 1473 757 1548 potuit
770 1471 869 1532 videri
885 1473 1000 1543 bonus,
1018 1471 1092 1530 Cae·

113 1558 164 1632 pio
188 1565 306 1619 etanta
332 1558 391 1618 hoc
413 1565 478 1616 erat
499 1558 666 1632 pessimus)
692 1573 760 1615 cum
781 1556 911 1617 inissent
931 1555 1092 1615 occidendi

112 1640 252 1701 Caesaris
269 1643 411 1713 consilia,
436 1642 580 1715 oppressi
601 1642 778 1701 auctoritate
801 1640 936 1715 publica,
962 1639 1047 1714 quod
1061 1639 1091 1697 vi

79 1724 212 1783 3lacere
228 1727 401 1794 voluerant,
420 1725 485 1783 iure
505 1727 589 1800 passi
607 1732 686 1784 sunt.
710 1724 817 1799 Neque
833 1724 926 1783 multo
943 1729 1016 1798 post
1030 1724 1092 1783 Ru·

111 1808 159 1866 lus
168 1807 325 1881 Egnatius,
343 1825 397 1882 per
409 1808 511 1867 omnia
525 1808 685 1882 gladiatori
701 1824 792 1883 quam
805 1807 938 1868 senatori
955 1807 1091 1882 propior,

111 1892 238 1951 collecto
261 1890 290 1950 in
314 1892 465 1951 aedilitate
487 1894 592 1953 lavore
613 1892 735 1967 populi,
764 1908 855 1967 quem
877 1891 1092 1966 extinguendis

112 1974 230 2049 privata
251 1975 363 2036 familia
384 1975 534 2036 incendiis
549 1970 579 2036 in
596 1976 663 2036 dies
679 1983 821 2048 auxerat,
843 1977 872 2036 in
893 1982 1009 2034 tantum
1026 1973 1093 2049 qui·

111 2059 194 2130 dem,
210 2067 244 2119 ut
258 2060 286 2119 ei
302 2068 472 2135 praeturam
488 2061 692 2133 continuaret,
708 2077 778 2120 mox
794 2061 882 2119 ctiam
899 2060 1093 2119 consulatum

111 2151 216 2216 petere
238 2161 350 2217 ausuS,
377 2160 444 2203 cum
467 2151 551 2204 esset
570 2145 651 2205 omni
673 2142 857 2218 flagitiorum
878 2145 1093 2218 scelerumque

111 2228 298 2287 conscicntia
323 2244 443 2288 mersus
469 2245 527 2287 nec
552 2229 659 2288 melior
683 2228 724 2287 illi
746 2243 795 2287 res
821 2226 975 2287 familiaris
998 2242 1092 2301 quam

110 2326 196 2370 mens
214 2313 298 2380 toret,
315 2312 489 2386 adgregatis
502 2311 660 2373 simillimis
676 2311 734 2370 sibi
748 2310 921 2370 interimere
928 2310 1093 2370 Caesarem

111 2395 227 2463 statuit,
250 2401 283 2453 ut
298 2413 359 2468 quo
376 2397 463 2456 salvo
480 2396 585 2455 salvus
601 2411 672 2455 esse
688 2411 746 2453 non
762 2402 895 2468 poterat,
915 2410 952 2454 eo
969 2394 1091 2454 sublato

80 2482 96 2530 4
111 2486 287 2537 moreretur.
311 2478 431 2551 Quippe
447 2479 486 2536 ita
501 2495 536 2537 se
554 2495 656 2538 mores
671 2478 798 2551 habent,
820 2486 852 2537 ut
869 2478 990 2552 publica
1006 2477 1093 2553 quis-

111 2576 171 2632 que
186 2561 273 2619 ruina
287 2561 369 2619 malit
381 2562 523 2620 occidere
536 2579 627 2634 quam
642 2578 699 2620 sua
715 2562 828 2634 proteri
840 2570 869 2622 et
883 2562 964 2622 idem
979 2576 1093 2636 passu·

111 2659 162 2701 rus
184 2644 284 2702 minus
301 2645 449 2718 conspici.
481 2645 587 2719 Neque
609 2645 657 2704 lric
678 2646 833 2720 prioribus
853 2646 883 2704 in
906 2645 1091 2705 occultando

111 2727 227 2786 felicior
254 2726 322 2801 luit,
348 2728 532 2803 abditusque
556 2730 669 2790 carceri
691 2746 760 2790 cum
786 2730 918 2790 consciis
944 2728 1091 2789 facinoris

110 2818 237 2870 mortem
254 2811 461 2886 dignissimam
478 2814 538 2872 vita
553 2831 610 2873 sua
626 2815 708 2874 obiit.

80 2901 89 2952 t
191 2895 278 2955 XCll.
310 2896 501 2957 Praeclarum
528 2899 704 2958 excellentis
731 2899 786 2957 viri
814 2899 924 2957 lactum
952 2896 982 2957 C.
1006 2896 1091 2957 Senti

110 2978 263 3040 Saturnini
279 2981 360 3040 circa
376 2997 412 3040 ea
426 2988 565 3056 tempora
581 2984 717 3042 consulis
738 2999 777 3040 ne
798 2982 954 3040 lraudctur
975 2996 1090 3041 memo-

79 3070 95 3121 2
110 3064 164 3121 ria.
186 3065 302 3123 Aberat
314 3066 342 3123 in
358 3065 534 3125 ordinandis
545 3067 640 3125 Asiae
652 3064 845 3140 Orientisque
859 3065 952 3124 rebus
965 3064 1090 3137 Caesar,

111 3146 327 3206 circumferens
353 3156 497 3208 terrarum
526 3148 592 3208 orbi
619 3148 793 3222 praesentia
818 3165 875 3209 sua
901 3148 987 3223 pacis
1013 3162 1090 3208 suae

109 3230 204 3289 bona:
224 3237 284 3288 tum
298 3230 430 3303 Sentius,
447 3234 524 3291 lorte
540 3239 570 3290 et
584 3233 669 3292 solus
685 3240 714 3291 et
730 3231 1001 3293 absente'caesare
1016 3248 1090 3292 con-

109 3315 171 3384 sul,
196 3331 262 3374 cum
279 3315 337 3372 alia
354 3314 455 3389 prisca
477 3316 639 3375 severitate
655 3332 836 3391 summaque
852 3313 1022 3376 constantia
1037 3330 1088 3374 ve-

108 3405 172 3457 tere
190 3400 349 3457 consulum
365 3414 450 3457 more
466 3416 502 3457 ac
520 3399 682 3459 severitate
698 3401 863 3475 gessisset,
886 3400 1090 3473 protraxisset

107 3480 340 3556 publicanorum
358 3483 496 3554 lraudes,
513 3483 654 3556 punisset
671 3484 841 3553 avaritiam,
858 3481 1044 3555 regessisset
1058 3482 1090 3540 in
