2266 3832
1029 56 1060 145 iu

140 153 181 214 10
485 154 707 211 ΕὓΤΒΟΡΙΙ

138 322 283 398 ptuugintu
289 337 378 380 unnos
388 318 495 378 beilum
503 327 645 395 gessmt,
656 319 736 393 vieit,
749 315 1059 384 etAeuuoruruurbern

138 413 168 464 et
182 405 358 462 Sutrinorum
385 404 509 461 omnibns
525 402 627 461 deletis
644 400 797 461 earundem
812 418 878 458 ou...
884 399 991 458 sitibus
1008 415 1059 459 oo-

138 491 263 565 oupurit‚
279 495 308 545 et
318 495 378 546 tres
388 486 472 544 simul
482 486 640 562 triumphos
650 487 721 562 egit.

70 597 125 640 pu,
201 571 277 629 Cur.
289 569 327 628 11.
349 569 429 628 Titus
447 571 531 629 etium
548 568 680 642 Quintius
696 567 878 627 Cincinnatus
894 563 1059 625 Praenesti·
1077 610 1085 624 .

79 663 126 706 m
136 672 200 728 nos,
213 656 366 731 quinoque
379 652 416 712 ud
424 654 502 712 urbis
514 653 623 712 Romae
633 661 730 730 portus
740 668 805 710 eun
816 647 895 708 bollo
904 658 1057 725 venerunt,

137 746 307 815 persecutus
318 737 353 796 ud
368 736 580 795 flumenAlliunr
589 739 669 810 rioit,
680 745 747 794 octo
759 735 899 807 civitates,
913 750 992 810 quue
1004 733 1058 792 sno
1082 731 1087 739 '

136 823 208 899 ipsis
216 822 351 898 agebunt,
364 820 498 880 Romanis
509 820 645 894 adiunxit,
656 822 745 897 ipsum
755 817 1059 894 Praenesteuuggres·
1100 826 1104 897 4

137 923 186 964 sus
198 906 226 962 in
236 904 409 963 deditionem
422 906 546 981 uocepit
579 901 662 975 Quue
679 904 772 961 omniu
789 901 825 959 ub
841 915 877 958 eo
890 907 978 977 gestu
994 907 1061 960 sunt
1100 914 1104 1025 p

136 990 237 1066 viginti
253 987 365 1064 diebus,
378 989 593 1065 triumphusque
604 989 661 1064 ipsi
673 986 816 1045 decretus„
1102 1034 1104 1039 .

89 1141 95 1148 Ι
202 1072 292 1131 Cur.
303 1070 356 1130 111.
377 1071 483 1130 Verum
494 1071 617 1148 dignitus
631 1071 805 1129 tribunorum
821 1065 985 1125 militarium
1001 1083 1061 1126 non

71 1168 126 1214 eu.
139 1155 186 1215 diu
198 1156 403 1233 perseverarit.
427 1153 499 1214 Num
510 1163 576 1232 post
583 1154 755 1232 aliquantum
765 1150 860 1211 nullos
867 1148 977 1227 pluouit
984 1150 1060 1227 iieri,

80 1236 127 1278 ⁸⁷⁹·
138 1249 168 1299 et
181 1238 394 1317 quadriennium
405 1241 433 1297 in
444 1239 514 1298 urbe
527 1241 566 1297 itu
577 1238 671 1313 fluxu,
689 1245 719 1295 ut
736 1241 895 1314 potestutes
911 1233 952 1292 ibi
967 1235 1060 1293 maio·

81 1304 128 1347 ³⁸⁵·
138 1343 186 1384 res
197 1333 368 1383 nonensent.
388 1323 612 1400 Resumpserunt
624 1331 719 1380 tumen
729 1321 832 1379 uibuni
844 1317 983 1376 militares
991 1334 1061 1378 oon·

138 1408 224 1467 suluri
238 1417 381 1484 potestate
399 1409 500 1466 iterum
515 1405 680 1482 dignitatem
700 1413 730 1463 et
747 1405 866 1463 triennio
888 1417 1061 1478 perseveru-

79 1493 127 1536 m·
139 1499 250 1549 verunt.
272 1490 381 1549 Rursus
394 1489 529 1548 consules
544 1489 622 1546 iuoti.

71 1599 127 1641 uu,
206 1572 291 1635 cnr.
308 1571 439 1651 lv.(11.)
463 1568 494 1629 L.
507 1569 636 1630 Genucio
656 1580 685 1629 et
696 1569 733 1642 Q.
745 1569 870 1628 Servilio
887 1586 967 1628 ooss.
982 1587 1061 1629 ruor-

81 1666 127 1708 Μ
143 1667 207 1715 tuus
220 1663 265 1713 est
277 1654 422 1714 Camillus.
450 1654 548 1712 Honor
559 1656 586 1712 ei
604 1653 746 1712 secundus
761 1662 828 1729 post
844 1650 998 1712 Romulum
1009 1652 1060 1712 de·

140 1740 212 1799 Tutus
224 1746 279 1797 est.

72 1837 127 1880 uu.
208 1822 296 1882 Cur.
312 1820 347 1879 V.
375 1820 407 1879 Τ.
420 1819 552 1893 Quintius
564 1818 683 1879 dictator
694 1818 946 1894 adversusGullos,
960 1821 1013 1896 qui
1024 1819 1063 1880 ud

80 1903 127 1945 ³⁹⁴·
139 1904 247 1964 ltaliam
260 1912 413 1979 venerunt,
428 1906 531 1962 missus
548 1911 602 1963 est
635 1903 669 1961 Hi
683 1903 719 1962 ub
730 1904 801 1963 urbo
818 1911 918 1981 quurto
935 1901 1061 1963 miliario

140 1999 216 2048 trans
233 1987 372 2047 Anionem
393 1987 507 2046 fluvium
526 1988 722 2048 consederunt.
751 1985 795 2046 lbi
806 1985 1003 2046 nobilissimus
1023 1987 1063 2046 de

140 2073 318 2132 senatoribus
329 2073 439 2130 iuvenis
450 2069 483 2130 Τ.
493 2069 614 2132 Manlius
622 2068 941 2149 provoountemGullurn
950 2068 989 2127 ud
1000 2073 1049 2130 sin

140 2156 240 2235 gulare
252 2164 393 2215 certamen
406 2172 578 2232 progressus
590 2154 707 2228 oceidit,
720 2163 750 2212 et
769 2153 880 2213 sublato
890 2162 995 2231 torque
1007 2171 1059 2213 uu·

140 2256 193 2300 reo
209 2239 344 2317 colloque
356 2256 408 2297 suo
421 2241 555 2316 imposito
573 2240 601 2297 in
619 2244 787 2315 perpetuum
799 2236 934 2316 Torquati
952 2244 981 2294 et
1002 2238 1062 2298 sibi

75 2337 129 2380 uu,
142 2330 170 2381 et
186 2324 309 2398 posteris
323 2337 483 2396 cognomen
494 2322 617 2396 uooepit.
639 2318 712 2379 (iulii
723 2319 812 2396 fugati
824 2329 899 2396 sunt,
921 2336 989 2380 mox
1005 2339 1077 2399 per.

83 2405 129 2448 ³⁹⁴·
142 2403 175 2464 C.
190 2403 344 2479 Sulpicium
360 2402 525 2461 dictatorem
538 2404 621 2460 otiam
632 2404 710 2466 victi.
732 2401 797 2462 Non
806 2403 893 2462 multo
908 2413 1008 2481 postu
1025 2403 1062 2466 G.

141 2486 248 2547 liureio
262 2484 347 2544 Tuuoi
366 2486 433 2543 uicti
453 2493 524 2546 sunt.
553 2502 607 2542 uun
623 2484 697 2545 uriliu
717 2489 893 2565 captivorum
909 2504 945 2546 ox
965 2487 1013 2546 nis
1031 2490 1063 2548 in

141 2569 310 2646 triumphurn
325 2568 417 2627 ductu

142 2648 707 2813 suffitriuissiirfiiiii'iiiii
719 2651 980 2812 iiiiTpTiuiss
992 2669 1063 2797 {tt

82 2815 129 2859 ⁴⁰³·
143 2819 211 2896 lent,
228 2838 264 2878 ex
278 2819 412 2878 Romanis
423 2826 527 2877 tuntum
544 2818 652 2875 tirones
667 2815 733 2876 leoti
748 2827 827 2894 sunt,
849 2819 999 2897 uacuoque
1015 2819 1062 2880 le·

141 2905 245 2980 giones
260 2902 376 2977 decem,
392 2902 439 2978 qui
456 2898 556 2960 modus
571 2900 718 2976 soxugiutu
737 2900 783 2958 vel
801 2901 921 2980 amplius
935 2911 1063 2964 urmuto-

140 3004 202 3046 rum
214 2986 289 3045 miliu
301 2984 453 3046 efficiebat.
471 2981 567 3043 Putris
578 2981 917 3060 nohantoniensium,
933 2994 1008 3044 tantu
1015 2995 1061 3048 tu*

141 3087 205 3128 mon
217 3071 244 3128 iu
258 3087 290 3128 ro
302 3068 411 3128 militari
424 3069 511 3126 virtus
530 3073 598 3129 erut.
633 3062 714 3137 Quae
726 3082 789 3124 oum
801 3068 947 3144 profeotue
959 3080 1063 3131 essent

141 3152 278 3212 advorsus
291 3150 387 3212 Gallos
403 3150 476 3210 duoe
488 3148 518 3212 L.
530 3147 627 3223 Turio,
647 3147 758 3225 quidum
771 3166 808 3208 ox
821 3149 910 3210 Gallis
920 3170 1004 3210 unum
1019 3173 1063 3214 ex

141 3235 286 3311 Romanis,
302 3237 349 3314 qui
362 3242 440 3294 esset
452 3235 584 3310 optimus,
599 3230 773 3308 provoouvit.
797 3230 867 3291 Turn
882 3252 914 3293 so
925 3229 1061 3296 Uale·

142 3321 200 3379 rius
215 3321 342 3380 tribunus
356 3318 472 3377 militum
490 3314 606 3384 obtutu.
629 3321 658 3373 ot
676 3329 738 3371 oum
758 3318 950 3389 prooossisset
966 3336 1060 3380 urrun-
