2266 3832
166 190 206 252 42
513 187 735 247 IIU'IIIOPII

166 357 258 434 ceptis
279 354 478 433 stipendiarios
499 354 578 413 lecit.
614 351 720 411 Galliae
740 359 833 410 autem
851 351 952 411 tributi
973 354 1092 414 nomine

166 458 285 499 annuum
303 441 451 516 imperavit
468 439 629 497 sestertium
647 435 892 513 quadringenties,
915 433 1090 497 Germanos·

167 542 223 602 que
239 532 314 581 trans
330 522 458 582 Rhenum
470 539 626 599 aggressus
644 521 849 583 immanissimis
865 518 992 597 proeliis
1013 522 1089 581 vicit

165 606 241 666 Inter
252 615 295 666 tot
306 624 459 665 successus
471 616 515 665 ter
529 604 601 664 male
614 605 763 681 pugnauit,
789 601 863 680 apud
874 601 1032 665 Arvernos
1046 622 1089 664 se·

164 689 220 748 mel
234 707 369 767 praesens
384 699 413 750 et
424 692 527 751 absens
544 692 571 747 in
585 688 731 748 Germania
749 687 802 748 bis.
828 685 899 744 Nam
918 686 1013 764 legati
1029 691 1089 749 eiua

166 774 233 850 duo,
250 773 372 833 Titurius
385 784 413 834 et
424 771 642 847 Aurunculeius,
656 789 708 849 per
718 771 833 831 insidias
846 772 926 829 caesi
939 780 1019 832 sunt.

178 924 182 930 ,
232 858 316 918 (lar.
335 856 439 919 XVIII.
454 856 547 937 (XV.)
572 854 654 916 Olrca
669 855 924 931 eademtempora,
946 872 1026 916 anno
1046 874 1088 914 ur-

99 971 153 1015 gu,
166 940 669 1008 bisconditaencxcvn..llI.Licinius
678 937 808 1014 Crassus,
818 937 933 1015 collega
941 937 1087 1000 Gn.Pom·

108 1038 154 1081 oar.
165 1027 223 1103 peii
240 1024 333 1102 Magni
351 1027 378 1085 in
399 1024 546 1085 consulatu
565 1023 707 1099 secundo,
725 1032 821 1082 contra
840 1020 963 1081 Parthos
979 1025 1088 1082 missus

98 1109 151 1152 Ml·
166 1118 219 1184 est,
233 1117 261 1167 ct
273 1126 336 1167 cum
348 1111 424 1169 circa
435 1107 536 1168 Carras
549 1117 645 1167 contra
658 1111 750 1167 omina
766 1116 795 1166 et
810 1107 939 1183 auspicia
951 1105 1087 1167 dimicas·

107 1176 153 1220 ⁶⁹⁹·
165 1201 220 1267 set,
242 1211 257 1251 a
276 1193 399 1269 Surena,
424 1192 527 1252 Orodis
547 1193 625 1270 regis
645 1192 729 1267 duco,
753 1192 845 1249 uetus
857 1188 892 1248 ad
904 1199 1088 1267 postremum

164 1276 330 1335 interiectus
343 1285 387 1336 est
399 1294 462 1336 cum
475 1276 550 1352 olio,
572 1276 728 1335 clarissimo
743 1283 771 1333 et
782 1274 1034 1351 praestantissimo
1046 1276 1086 1334 iu·

164 1378 248 1419 vene.
268 1359 418 1438 Reliquiae
431 1363 573 1421 exercitus
585 1377 637 1437 per
646 1357 679 1419 G.
689 1356 817 1418 Cassium
826 1366 1014 1436 quaestorem
1026 1377 1087 1418 ser·

164 1453 245 1504 valae
259 1454 339 1520 sunt,
360 1448 406 1522 qui
429 1444 562 1521 singulari
580 1445 671 1502 animo
683 1442 807 1520 perditas
822 1460 869 1500 res
888 1449 966 1501 tanta
979 1443 1086 1502 virtute

163 1530 302 1602 restituit,
328 1536 358 1586 ut
368 1527 468 1586 Persas
481 1526 593 1585 rediens
605 1536 681 1586 trans
691 1525 862 1604 Euphratem
875 1525 988 1584 crebris
998 1542 1085 1602 proe-

163 1608 357 1668 liIsvinceret·

228 1693 315 1752 cnr.
330 1691 408 1751 XIX.
423 1691 530 1771 (XVI.)
556 1692 628 1751 lline
643 1695 698 1752 iam
711 1692 815 1751 bellum
831 1691 916 1751 civile
938 1694 1086 1752 successit

166 1774 367 1835 exsecrandum
377 1783 406 1833 ει
416 1774 598 1852 lacrimabile,
613 1793 669 1854 quo
685 1786 797 1853 praeter
806 1776 993 1853 calamitates,
1008 1795 1085 1854 quae

164 1860 192 1918 in
210 1858 325 1937 proeliis
343 1857 521 1933 acciderunt,
546 1861 629 1918 otiam
644 1858 742 1937 populi
757 1858 874 1918 Romani
892 1858 1008 1919 fortuna
1021 1878 1083 1919 mu·

164 1940 221 2002 tata
233 1950 286 2000 est.
318 1938 424 2000 Caesar
441 1943 513 2000 enlm
529 1941 642 2001 rediens
656 1961 691 2001 ex
704 1940 792 2001 Gallia
802 1944 895 2002 victor
913 1945 1014 2020 coepit
1029 1958 1083 2021 po·

165 2043 248 2084 scere
265 2023 384 2084 alterum
408 2025 584 2086 consulatum
607 2036 693 2105 atque
714 2028 769 2102 ita,
797 2034 827 2085 ut
848 2027 911 2085 sine
932 2025 1082 2087 dubietate
1105 2077 1109 2084 .

166 2110 193 2168 ei
205 2108 297 2186 aliqua
309 2109 476 2169 deferretur.
497 2108 708 2171 Contradictum
719 2119 764 2168 est
773 2109 933 2169 allaroello
945 2109 1079 2188 consule,

166 2191 309 2269 aBibulc,
333 2191 508 2271 aPompeio,
522 2213 538 2254 a
553 2192 671 2270 Catone,
694 2196 846 2272 iussusque
859 2192 984 2253 dImissis
997 2211 1080 2254 exer·

98 2242 154 2352 ᾖξ’
165 2276 266 2336 citibus
277 2276 311 2335 ad
324 2278 421 2336 urbem
431 2278 533 2342 redire,
563 2277 683 2354 Propter
693 2296 775 2356 quam
788 2279 913 2339 iniuriam
924 2278 959 2336 ab
975 2276 1080 2337 Arimi-

164 2374 217 2435 no,
237 2359 283 2418 ubi
302 2359 405 2418 milites
422 2368 613 2438 congregatos
631 2360 769 2436 habebat,
792 2361 941 2423 adversum
959 2362 1079 2441 patriam

165 2460 228 2501 cum
250 2444 377 2501 exercitu
388 2445 474 2502 venit.
508 2441 647 2506 Consules
666 2462 729 2503 cum
748 2444 885 2522 Pompeio
902 2454 1080 2524 senatusque

164 2528 254 2585 omnis
266 2534 350 2603 atque
363 2528 492 2586 universa
504 2525 635 2586 nobilitas
644 2546 679 2586 ex
689 2529 759 2588 urbe
770 2529 844 2607 fugit
854 2537 883 2588 et
892 2530 920 2588 in
927 2527 1081 2592 Graeciam

163 2611 281 2669 transiit.
312 2608 396 2686 Apud
410 2608 538 2687 Epirum,
557 2609 760 2687 Macedoniam,
784 2612 918 2676 Achaiam
937 2610 1079 2692 Pompeio

164 2692 237 2752 duce
248 2701 361 2753 senatus
374 2702 471 2752 contra
483 2691 635 2753 Gaesarem
650 2694 754 2754 bellum
765 2698 883 2773 paravit.

227 2777 314 2837 (lar.
336 2775 400 2836 XX.
426 2774 532 2836 Caesar
547 2793 663 2837 vacuam
679 2778 778 2838 urbem
796 2783 943 2857 ingressus
956 2779 1078 2841 dictato·

161 2878 222 2918 rem
240 2878 272 2920 se
287 2860 365 2920 iecit.
396 2859 465 2922 lmle
476 2860 626 2938 Hispanias
639 2863 728 2937 petiit.
762 2861 804 2922 lbi
820 2863 948 2942 Pompeii
964 2867 1079 2924 exerci-

161 2951 206 3002 tus
219 2943 410 3004 validissimos
426 2953 455 3003 et
465 2943 636 3004 fortissimos
643 2963 706 3004 oum
719 2946 807 3005 tribus
815 2947 945 3022 ducibus,
955 2947 1078 3010 emna-

160 3028 219 3102 uic,
241 3025 279 3086 llI.
292 3027 420 3103 Petreio,
435 3026 473 3087 llI.
485 3025 623 3104 Varrone,
642 3031 796 3105 superarit.
832 3029 901 3090 Inde
921 3049 1077 3108 regressus

161 3111 190 3169 iu
202 3108 347 3170 Graeciam
358 3114 481 3187 transiit,
501 3111 649 3171 adversum
660 3110 822 3190 PompeIum
839 3114 990 3175 dimicavit.
1016 3114 1077 3176 Pri·

161 3211 208 3253 mo
226 3194 336 3271 proelio
349 3196 441 3255 victus
453 3204 496 3255 est
510 3205 538 3255 et
549 3195 672 3272 fugatus,
691 3199 781 3256 erasit
791 3206 895 3271 tamen,
908 3199 974 3276 quia
988 3208 1077 3260 nocte

161 3276 366 3338 interveniente
390 3278 538 3357 Pompeius
560 3279 643 3357 sequi
669 3278 775 3355 noluit,
802 3279 928 3358 dixitque
955 3280 1076 3361 Caesar,

160 3381 218 3424 acc
229 3360 402 3442 Pornpeium
412 3365 493 3425 coire
504 3364 639 3438 eiecere,
662 3368 691 3423 ct
706 3362 758 3423 illc
770 3369 886 3422 lantum
901 3366 952 3426 die
969 3386 1006 3428 ce
1015 3385 1067 3445 po
