2266 3832
148 185 189 245 24
499 190 716 246 abundari

147 363 239 411 tamen
258 369 356 411 eornm
377 368 412 408 ex
427 351 654 410 urbevenientcs
672 353 833 411 aHomanis
852 357 926 430 capti
946 354 1012 414 sunt
1034 367 1063 417 et

149 437 261 494 iubente
278 436 414 511 Scipione
428 434 544 492 dimissi.
574 435 709 494 Hannibal
732 453 846 514 quoque
864 438 1061 515 frequentibus

147 519 263 597 proeliis
282 521 373 576 victus
393 535 409 575 3
428 520 563 592 Scipione
583 521 654 594 petit
673 522 755 577 etiam
774 522 836 596 lpse
853 538 961 596 pacem.
991 522 1061 582 Cum

146 612 259 661 ventum
282 611 360 659 esset
381 601 415 659 ad
432 601 622 677 colloquium,
645 602 745 662 iisdem
766 603 980 663 condicionibus
995 606 1060 667 data

146 696 201 760 est,
216 688 317 763 quibus
326 688 412 762 prius.
434 684 535 743 Addita
545 687 706 762 quingentis
718 686 829 745 milibus
842 688 937 765 pondo
949 693 1060 764 argenti

148 772 251 830 emilia
269 770 400 828 librarum
420 778 536 845 propter
551 785 653 827 novam
671 770 823 846 perfidiam.
847 771 1059 847 Carthaginien·

147 855 225 912 sibus
242 853 424 912 condiciones
437 850 650 928 displicuerunt,
665 856 863 931 iusseruntque
877 855 1059 915 Hannibalem

148 956 283 1014 pugnare.
307 936 428 995 lnlcrtur
440 954 455 993 3
468 936 604 1012 Scipione
617 945 645 994 et
656 936 824 1011 Masinissa,
848 938 903 997 alio
919 957 987 1015 rege
1000 940 1059 999 Nu-

146 1021 290 1093 midarum,
310 1023 356 1096 qui
369 1021 517 1077 amicitiam
530 1037 592 1077 cum
605 1021 741 1096 Scipione
756 1022 873 1095 lecerat,
895 1020 1059 1098 Carthagini

146 1104 259 1163 bellum.
274 1101 381 1181 (XIII.)
419 1102 554 1159 Hannibal
572 1111 630 1160 tres
650 1103 845 1179 exploratores
862 1104 897 1162 ad
914 1107 1060 1182 Scipionis

147 1196 238 1246 castra
249 1189 333 1261 misit,
348 1202 420 1262 quos
433 1195 533 1261 captos
545 1187 643 1262 Scipio
652 1186 822 1245 circumduci
836 1198 986 1264 percastra
999 1192 1059 1249 ius·

146 1274 192 1345 sit,
208 1270 377 1346 ostendique
392 1271 434 1327 eis
450 1277 538 1326 totum
551 1272 715 1344 exercitum,
737 1288 801 1328 mon
813 1274 895 1330 etiam
912 1274 1059 1347 prandium

146 1355 215 1429 dari,
233 1354 400 1430 dImittiquo,
414 1361 443 1410 ut
454 1356 644 1411 renuntiarent
656 1354 811 1429 Hanniball,
829 1373 902 1432 quae
913 1356 988 1432 apud
999 1356 1059 1415 Ro·

145 1457 242 1497 manos
254 1438 401 1496 vidissent.

211 1523 299 1579 Car.
314 1517 418 1578 XXIII.
450 1517 560 1577 Interea
583 1520 722 1595 proelium
741 1521 775 1578 ab
791 1529 912 1598 utroquo
925 1521 998 1580 duce
1016 1527 1059 1583 in·

145 1613 279 1664 structum
296 1612 349 1677 est,
366 1601 450 1678 quale
461 1603 508 1658 vix
520 1600 573 1660 ulla
585 1606 719 1661 memoria
732 1604 800 1675 luit,
816 1621 878 1661 cum
892 1607 1060 1681 peritissimi

145 1683 1059 1764 mmmmmwfflwmmwwammmmc

146 1771 185 1829 dit
205 1789 294 1848 paene
311 1772 375 1846 ipsc
395 1766 549 1826 Hannibale
567 1778 666 1845 capto,
690 1773 737 1846 qui
757 1774 874 1847 pslmum
887 1790 949 1831 cum
961 1773 1060 1833 multis

146 1855 299 1932 equitibus,
317 1851 418 1911 deinde
432 1870 494 1908 cum
505 1869 558 1926 xx,
581 1862 725 1928 postremo
739 1872 801 1912 cum
817 1865 935 1932 quatuor
954 1860 1058 1918 evasit.

142 1938 258 1996 Inventa
271 1940 299 1995 13
312 1938 411 1994 castris
425 1935 585 1993 Hannibalis
597 1940 708 2013 argenti
718 1938 812 2014 pondo
826 1957 864 1996 xx
880 1939 970 2009 milia,
996 1945 1058 2002 auri

142 2041 228 2096 cxxx,
243 2031 337 2079 cetera
350 2019 539 2095 supellectilis
559 2023 687 2097 eopiosa.
721 2021 788 2080 Post
801 2023 827 2080 id
843 2032 984 2082 certamen
1000 2041 1059 2100 pax

76 2103 1057 2185 ammfflmmmmmmmmtfflmflmmmffl‚

87 2196 122 2237 5⁵1
144 2193 249 2266 ingenti
265 2189 357 2267 glorIa
368 2188 548 2264 triumphavit
559 2198 643 2266 atque
656 2189 805 2247 Africanus
818 2208 854 2247 ex
868 2191 1057 2268 coappellari

144 2284 265 2350 coeptus
284 2282 336 2331 est.
377 2271 475 2330 Finem
493 2274 606 2349 accepit
627 2271 780 2329 secuudum
795 2271 929 2331 Punicum
949 2274 1057 2335 bellum

145 2366 209 2430 post
225 2374 325 2413 aunum
336 2372 438 2411 nonum
450 2354 598 2428 decimum,
613 2372 694 2431 quam
706 2364 849 2430 coeperat.

496 2549 697 2557 ——-—·------

366 2704 829 2778 bipatentibus

537 2834 647 2843 --——-

443 2907 742 2962 annuntiabit.

185 3019 209 3072 1.
218 3019 243 3069 2.
254 3019 349 3069 Hebum
356 3021 543 3076 blacedontcum
551 3030 784 3096 contral'hilippum
794 3047 886 3096 regem.
899 3032 924 3083 3.
932 3028 960 3080 4.
969 3029 1052 3095 Syrie·

140 3102 197 3135 uum
215 3098 299 3137 contra
315 3091 462 3144 AntIocbum
473 3110 564 3160 regem.
595 3099 620 3146 5.
633 3099 710 3147 Fulvii
725 3100 756 3148 de
766 3101 860 3148 Aetolis
873 3100 1014 3164 triumpbus
1027 3110 1053 3151 et

140 3171 206 3204 mors
212 3157 365 3208 Hannibalis·
386 3160 442 3213 6-8.
450 3163 547 3213 Bellum
557 3166 744 3216 Macedonicum
754 3170 891 3218 secuudum
901 3179 985 3218 contra
993 3168 1050 3222 Per-

140 3239 211 3272 seum
220 3238 244 3274 et
255 3226 375 3291 illyricum
384 3244 468 3280 contra
478 3232 593 3282 Gentium
603 3236 770 3298 tulumpbique
781 3238 811 3286 de
824 3239 918 3286 iisaeti.
940 3236 966 3288 9.
979 3237 1050 3286 Rasa

140 3291 259 3374 blummio
270 3297 294 3343 13
303 3297 546 3366 HIspaniaprospere
555 3315 650 3368 gestae.
671 3303 760 3355 10-12.
769 3305 864 3356 Bellum
872 3307 992 3353 Punicum
1002 3317 1051 3353 ter-

142 3368 202 3411 bum
220 3372 244 3412 et
253 3362 409 3431 Carthaginis
425 3370 557 3419 excidIum.
587 3371 618 3421 13
645 3371 741 3421 Bellum
755 3374 941 3422 Macedonicum
950 3376 1049 3424 tertium
