2266 3832
277 289 486 375 iusroamn
509 313 700 374 nonatum:
719 315 760 386 n,
780 324 824 375 a.
998 314 1039 376 43

61 468 215 527 tribunatu
237 466 317 537 tulit,
341 464 392 539 qni
413 463 510 523 circui
531 464 700 523 Romanum
722 464 926 524 indemnatum
949 466 1039 523 inter·

60 550 201 623 emisset,
223 549 251 607 ei
267 565 347 623 aqua
364 556 394 607 ct
408 548 468 623 igni
490 548 735 615 interdiceretur;
757 547 844 607 cuius
863 548 965 607 verbis
982 548 1040 607 etsi

60 651 121 693 non
138 632 352 693 nominabatur
367 632 486 699 Cicero,
508 639 608 691 tamen
630 631 715 690 solus
736 632 909 705 petebatur:
932 630 973 689 ita
993 633 1040 691 vir

60 718 175 793 optime
189 715 313 775 meritus
330 716 368 774 de
388 714 544 789 republica
559 722 758 774 conservatae
774 715 890 788 patriae
911 717 1038 788 pretium

60 800 260 861 calamitatem
273 799 344 859 exili
359 800 433 859 tulit.
454 798 519 858 Non
533 804 694 857 caruerunt
706 797 884 871 suspicione
896 799 1039 872 oppressi
1055 808 1070 857 2

61 884 217 945 Ciceronis
230 883 343 942 Caesar
357 890 387 941 ct
401 881 573 956 Pompeius.
595 882 661 940 Hoc
677 881 734 940 sibi
750 882 939 941 contraxisse
955 883 1038 941 ride-

60 968 150 1027 batur
158 967 272 1039 Cicero,
290 967 373 1039 quod
390 966 467 1024 inter
482 964 671 1039 vigintiviros
687 964 853 1024 dividendo
866 982 939 1039 agro
953 966 1037 1025 Cam-

60 1067 142 1125 pano
158 1066 228 1109 esse
243 1051 401 1109 noluisset.
432 1050 515 1108 ldem
537 1050 614 1108 intra
629 1049 781 1108 biennium
798 1065 868 1109 sera
882 1049 934 1108 Cn.
950 1048 1037 1108 Pom·
1053 1060 1071 1109 :t

60 1135 111 1209 pei
134 1150 221 1205 cura,
242 1148 364 1205 verum,
386 1141 420 1193 ut
440 1132 555 1207 coepit,
578 1135 691 1192 intenta
714 1134 858 1207 rotisque
878 1132 981 1191 Italiac
1002 1149 1038 1191 ac

59 1218 192 1277 decretis
212 1225 353 1287 senatus,
376 1218 485 1276 rirtutc
507 1224 599 1290 atque
614 1218 733 1275 actione
748 1218 828 1275 Anni
843 1217 965 1275 Milonis
987 1216 1037 1275 tri-

58 1301 133 1361 buni
150 1300 247 1375 plebis
260 1300 396 1374 dignitati
413 1299 589 1374 patriaeque
600 1301 757 1359 restitutus
770 1307 831 1358 est=
853 1315 952 1373 neque
968 1308 1040 1375 post

57 1384 206 1445 Numidici
223 1384 344 1443 exilium
360 1394 412 1444 aut
432 1384 562 1442 reditum
578 1385 741 1459 quisquam
756 1391 808 1442 aut
823 1386 972 1457 expulsus
994 1385 1038 1441 in-

57 1468 224 1541 vidiosius,
250 1475 303 1527 aut
322 1475 465 1541 receptus
487 1475 535 1525 est
555 1468 679 1534 laetius;
708 1466 795 1525 cuius
816 1467 925 1525 domus
947 1483 1038 1540 quam

58 1552 169 1611 inleslc
190 1568 208 1609 a
224 1551 328 1611 Clodio
346 1552 474 1611 disiecta
488 1560 566 1621 crat,
588 1557 646 1609 tam
664 1551 808 1624 speciose
828 1566 847 1608 a
867 1558 975 1609 senatu
990 1565 1038 1608 rc-

58 1636 163 1695 stituta
176 1642 232 1693 est.
262 1635 346 1693 Idem
361 1634 393 1692 P.
411 1636 533 1695 Clodius
549 1636 577 1692 in
593 1635 745 1693 tribunatu
760 1634 818 1693 sub
833 1632 1070 1691 honorificent

58 1718 176 1777 tissime
193 1718 340 1777 ministeri
356 1719 439 1777 titulo
454 1718 493 1776 Μ.
512 1719 655 1778 Catonem
671 1735 689 1776 a
703 1718 861 1791 republica
876 1717 1036 1791 relegarit:

60 1802 175 1877 quippe
190 1803 287 1876 legem
303 1802 382 1875 tulit,
405 1811 436 1862 ut
450 1803 476 1860 is
493 1812 637 1876 quaestor
652 1818 719 1860 cum
735 1803 800 1860 inre
815 1802 967 1875 praetorio
983 1801 1037 1859 ad-

58 1885 137 1945 iecto
160 1886 247 1945 etiam
272 1893 435 1959 quaestore
456 1887 623 1946 mitteretur
643 1885 672 1944 in
695 1887 823 1945 insulam
842 1884 975 1962 Cyprum
997 1884 1037 1942 ad

58 1969 251 2044 spoliandum
277 1985 372 2043 regne
397 1970 617 2034 Ptolemaeum,
647 1969 787 2029 omnibus
814 1986 930 2027 rarorum
957 1968 1036 2027 uitiis

58 2068 126 2111 eam
142 2054 353 2113 contumeliam
372 2054 518 2112 meritum.
550 2053 610 2112 Sed
632 2054 681 2111 ille
697 2054 755 2111 sub
770 2054 934 2111 adrentum
950 2051 1068 2110 Cato-5

57 2136 106 2196 nis
123 2137 202 2195 vilae
217 2153 292 2195 suae
307 2137 366 2194 xvim
383 2137 493 2202 intulit;
517 2138 597 2194 arride
619 2136 777 2209 pecuniam
799 2137 890 2207 longe
913 2142 1037 2207 sperata

57 2220 202 2279 maiorem
219 2220 290 2279 Calo
306 2222 432 2279 Romam
450 2222 564 2287 retulit;
590 2219 676 2278 cuins
698 2218 896 2292 integritatem
919 2218 1036 2275 laudari

57 2304 146 2363 nefas
161 2312 223 2375 est,
244 2304 405 2363 insolentia
427 2321 524 2377 parrone
545 2303 631 2376 argtn
653 2310 765 2376 potest,
793 2302 876 2375 qnod
891 2318 952 2359 una
968 2316 1035 2359 caua

57 2387 236 2448 consulibus
258 2404 294 2446 ac
310 2395 418 2446 senatu
434 2388 533 2446 cllusa
554 2387 674 2445 civitate
690 2387 812 2444 oleviam
828 2401 897 2444 cum
918 2400 974 2458 per
987 2383 1035 2441 Ti·

56 2470 152 2530 berim
174 2472 289 2530 subiret
311 2472 455 2533 naribus.
478 2488 538 2531 non
560 2478 629 2529 ante
650 2472 676 2529 is
698 2485 844 2543 egressus
860 2476 922 2541 est,
945 2482 1036 2543 quam

56 2554 96 2613 ad
112 2571 181 2613 eum
197 2556 297 2614 locum
313 2557 466 2629 pervenit,
488 2556 539 2615 ubi
556 2563 620 2614 erat
634 2555 818 2629 exponenda
833 2552 974 2627 pecnnia.

138 2638 242 2695 XLVI.
273 2638 345 2697 Cum
362 2639 473 2698 deinde
488 2640 625 2697 immanis
642 2656 705 2700 res.
726 2640 777 2696 rix
793 2637 894 2696 multis
910 2636 1036 2696 volumi·
1052 2648 1067 2699 1

57 2722 147 2781 nibus
163 2722 379 2796 explicandas.
403 2724 433 2782 C.
451 2724 563 2783 Caesar
585 2724 613 2779 in
631 2724 727 2781 Gallia
747 2728 867 2795 ageret.
889 2736 946 2779 nec
963 2736 1035 2779 cou-

55 2812 156 2865 tentus
170 2806 306 2879 plurimis
318 2821 355 2865 ac
368 2806 552 2865 felicissimis
562 2805 696 2864 victoriis
705 2803 1036 2878 innumerabilibusque

57 2890 157 2949 caesis
172 2896 202 2949 cl
218 2890 315 2963 captis
330 2889 462 2948 hostium
479 2889 599 2946 milibus
615 2889 704 2947 etiam
726 2888 754 2946 in
772 2888 956 2947 Britanniam
977 2895 1029 2946 tra·

56 2972 181 3033 iecisset
197 2974 381 3045 exercitum,
407 2975 532 3031 alterum
550 2987 646 3043 paene
661 2970 789 3043 imperio
805 2980 910 3029 nostro
927 2986 962 3028 ac
978 2986 1035 3029 suo

56 3073 209 3129 quaereus
231 3058 352 3129 orbem,
374 3064 462 3115 vetus
486 3071 542 3128 par
555 3054 731 3125 consulum,
755 3054 805 3112 Cn.
823 3054 986 3125 l‘mnpcius
1007 3058 1038 3110 et

54 3138 95 3197 M.
108 3140 253 3214 Crassus,
269 3144 395 3201 alterum
412 3140 505 3197 iniere
521 3139 720 3198 consulatum.
739 3138 790 3209 qui
807 3152 907 3209 neque
924 3136 1035 3208 petitus

56 3224 184 3284 honeste
205 3226 315 3299 abiis,
346 3239 448 3299 neque
475 3222 672 3297 probabiliter
693 3228 798 3293 gestus
821 3226 875 3278 cst.
913 3218 1068 3279 Caesarii

56 3308 131 3381 lege,
145 3326 235 3383 quam
243 3310 407 3383 Pompeius
419 3309 457 3367 ad
472 3307 617 3381 populum
631 3306 703 3365 tulit.
718 3310 900 3377 prorogatae
912 3304 941 3361 in
956 3303 1036 3361 idem

55 3394 186 3465 spatium
208 3396 353 3467 temporis
369 3392 562 3467 provinciam
590 3389 717 3460 Crasso,
740 3389 849 3446 bellum
864 3386 1035 3445 Parthicum

54 3474 84 3533 in
99 3478 200 3537 animo
215 3480 364 3547 molienti,
387 3477 480 3553 Syria
494 3474 631 3545 decreta,
655 3473 706 3546 qui
728 3472 774 3530 vir
789 3478 889 3531 celera
906 3470 1033 3529 sanctis-

55 3559 151 3621 simus
173 3564 377 3638 immunisque
397 3559 605 3634 uoluptatibus
621 3572 722 3631 neque
737 3556 766 3614 in
789 3554 920 3629 pecunia
934 3570 1035 3629 neque
