2266 3832
73 205 115 269 94
437 213 544 262 FLOR!
560 214 726 264 amon.

73 390 130 434 sus
153 368 303 434 Caesaris
325 387 427 430 naves
448 375 481 430 et
506 364 651 431 incendit
671 370 705 428 et
725 364 898 449 demersit;
919 388 983 432 nec
1006 368 1071 454 ipse

73 462 214 534 tantum,
232 451 291 515 sed
306 450 420 515 Menas
436 458 470 513 et
485 448 703 530 Menecrates,
720 447 819 513 foeda
830 451 978 532 servitia,
995 472 1069 537 quos

77 537 175 600 classi
197 535 411 620 praefecerat,
435 531 658 619 praedabundi
677 552 737 616 per
760 529 859 597 litora
878 542 998 598 cuncta
1018 555 1069 599 vo-

50 620 221 688 slitabant.
251 618 293 681 ob
320 617 401 681 haec
420 624 469 681 tot
493 636 648 702 prospera
673 622 803 679 centum
821 614 929 681 bubus
952 618 1069 681 aurads

74 702 191 767 Peloro
212 701 318 764 litavit
340 701 577 785 spirantemque
607 720 725 785 equum
749 719 824 763 cum
844 720 925 765 atrro
946 701 985 765 in
1007 700 1097 765 fres

73 795 143 850 tum
164 785 267 866 misit,
294 784 379 848 dona
395 782 546 869 Neptrmo
565 781 636 870 [hoc
652 780 837 931 putabantq,
858 792 896 847 ut
918 804 955 847 se
975 785 1069 847 maris

75 876 180 934 rector
193 869 227 930 in
243 889 301 931 suo
320 868 402 930 mari
419 887 556 951 regnare
566 874 741 954 pateretur.
759 886 796 929 eo
831 868 949 953 emique
961 866 1070 931 discri-

74 952 197 1015 minum
221 959 354 1013 ventum
382 959 446 1031 est,
474 958 511 1014 ut
532 949 648 1014 foedus
673 957 706 1013 et
731 969 799 1033 pax
820 970 894 1015 cum
916 950 1012 1016 hoste
1031 986 1070 1001 -

49 1036 105 1104 ssi
124 1034 219 1098 modo
237 1033 339 1097 hostis
356 1034 492 1119 Pompei
512 1032 598 1097 filius
609 1041 771 1096 —tamen
787 1031 950 1097 feriretur.
974 1048 1069 1121 quan-

73 1128 142 1182 tum
165 1118 215 1199 id,
237 1117 296 1181 sed
315 1116 416 1180 breve
436 1116 591 1200 gaudium
613 1116 689 1197 fuit,
711 1138 785 1179 cum
803 1117 840 1180 in
861 1116 982 1183 Baiani
1002 1116 1098 1182 lito-ro

73 1203 119 1265 ris
140 1201 225 1265 mole
249 1200 289 1265 de
310 1200 418 1264 reditu
445 1200 514 1264 eius
538 1209 570 1263 et
591 1200 750 1265 bonorum
771 1201 978 1265 restitutione
999 1222 1069 1267 con·

73 1287 178 1367 venit,
203 1306 339 1370 cumque
356 1285 514 1347 invitante
532 1284 603 1368 ipso
619 1283 655 1345 in
671 1304 788 1347 navem
804 1283 1003 1349 discubitum
1013 1293 1069 1365 est,

75 1377 108 1433 et
128 1369 184 1433 ille
208 1379 325 1432 sortem
346 1390 437 1430 suam
461 1367 657 1451 increpitans
678 1366 753 1431 ‘hae
775 1374 862 1431 sunt’
879 1368 987 1454 inquit
1009 1376 1070 1433 ‘oa-

75 1455 166 1516 rinae
189 1459 310 1533 meae’;
332 1450 410 1514 haut
428 1450 611 1532 incomiter,
636 1449 737 1535 quod,
766 1472 841 1515 cum
867 1451 903 1514 in
926 1450 1071 1517 celeber·

75 1538 158 1599 rima
179 1543 270 1621 parte
292 1532 382 1597 urbis
402 1532 530 1597 Carinis
549 1543 642 1617 pater
661 1535 730 1597 eius
752 1532 947 1615 habitasset,
969 1535 1069 1621 ipsius
1078 1558 1100 1598 a

51 1619 190 1683 edemus
213 1628 245 1681 et
271 1624 404 1702 penates
432 1618 467 1679 in
495 1617 572 1679 navi
588 1617 776 1702 penderent.
805 1616 865 1681 sod
884 1618 908 1695 †
927 1618 1070 1704 inportu·

74 1703 175 1765 nitate
203 1700 338 1763 Antonii
363 1707 395 1762 et
427 1696 508 1764 Pom
532 1701 699 1764 sianorum
725 1699 901 1782 bonorum,
937 1722 1071 1786 quorum

75 1793 180 1849 sector
201 1783 256 1847 ille
279 1782 401 1864 fuerat,
428 1722 550 1867 praeda
577 1783 732 1848 devorata
751 1786 914 1882 possessio
941 1805 1071 1849 manere

74 1890 140 1932 non
155 1874 297 1952 poterat:
320 1866 500 1931 detrectare
517 1868 624 1952 coepit
640 1867 782 1932 foedans
799 1875 939 1952 pactum.
964 1868 1071 1953 itaque

74 1954 155 2016 itum
183 1950 226 2014 ad
254 1971 345 2014 arma
370 1971 483 2014 rursus
490 1998 499 2031 ,
529 1957 561 2013 et
587 1952 652 2013 iam
677 1952 754 2015 totis
781 1950 911 2035 imperii
944 1950 1102 2015 viribusao

75 2034 190 2099 classis
212 2037 247 2097 in
267 2036 418 2098 iuvenem
439 2042 614 2119 conparata
636 2043 699 2115 est,
729 2035 820 2098 cuius
848 2032 972 2098 molitio
1000 2035 1072 2120 ipsa

49 2118 257 2204 omagnifioa.
282 2119 338 2205 qui
359 2140 401 2205 pe
417 2118 570 2181 interciso
587 2116 791 2181 Herculanae
809 2118 882 2181 viae
903 2116 1006 2181 limite
1023 2138 1072 2181 re·

74 2204 236 2290 fossisque
257 2203 344 2267 litorr
368 2224 407 2266 us
431 2202 591 2301 Lucrinus
605 2201 702 2300 ,lacus
724 2208 865 2265 mutatus
887 2201 1072 2299 importum

74 2284 1103 2455 tlttlffifpttdtftdltttttbitti,td„

49 2451 200 2515 tnavalis
219 2454 367 2535 agitaret.
392 2459 483 2514 tanta
499 2450 583 2515 mole
595 2450 674 2515 belli
685 2451 805 2536 petitus
816 2451 851 2514 in
865 2449 975 2515 Siculo
986 2450 1071 2514 freto

73 2536 201 2597 iuvenis
225 2554 399 2618 oppressus
422 2542 485 2615 est,
509 2533 682 2619 magnique
703 2533 824 2598 famam
844 2533 936 2598 ducis
958 2533 1003 2598 ad
1023 2533 1071 2597 in·

74 2616 160 2680 feros
182 2638 291 2680 secum
313 2616 456 2698 tulisset,
480 2619 510 2680 si
524 2617 605 2682 nihil
625 2626 814 2702 temptasset
834 2616 988 2701 ulterius3
1007 2617 1072 2680 nisi

47 2710 64 2761 8
94 2698 160 2763 uod
181 2720 319 2784 magnae
340 2698 458 2763 indolis
479 2702 606 2786 signum
626 2709 675 2764 est
694 2722 824 2785 sperare
840 2721 976 2785 semper.
997 2721 1071 2786 per-

73 2722 150 2845 ditis
173 2784 259 2846 enirn
281 2783 378 2846 rebus
399 2785 544 2869 profugit
564 2785 741 2870 Asiamque
764 2783 845 2848 velis
872 2784 968 2869 petit,
992 2805 1102 2848 ven-so

72 2873 164 2928 turus
186 2865 233 2930 ibi
254 2868 289 2929 in
317 2887 432 2929 manus
461 2868 602 2932 hostium
624 2877 655 2931 et
680 2877 811 2931 catenas
833 2875 878 2948 et,
902 2867 991 2953 quod
1010 2867 1070 2929 mi·

74 2949 243 3012 serrimum
266 2957 314 3013 est
336 2948 475 3013 fortibus
492 2952 587 3034 viris,
608 2951 652 3015 ad
667 2950 808 3016 bostium
824 2950 995 3015 arbitrium
1009 2948 1070 3013 sub

46 3045 64 3098 9
95 3051 262 3096 ercussore
290 3033 475 3096 moriturus.
503 3056 569 3099 non
593 3034 657 3098 alia
684 3044 757 3119 post
778 3034 914 3098 Xerxen
937 3034 1070 3097 misera-

71 3052 169 3178 bilior
198 3115 287 3264 fupa.
323 3116 442 3201 quippe
469 3118 565 3182 modo
592 3127 810 3182 trecentarum
857 3116 1071 3215 uinquaginta

72 3199 204 3262 navium
248 3199 373 3263 ominus
394 3219 468 3261 cum
491 3222 551 3265 sex
573 3224 607 3266 se
631 3211 737 3265 tamve
757 3201 848 3286 fugio
870 3207 906 3263 at
925 3208 1098 3266 extmotou

70 3283 252 3365 praetoriae
277 3282 371 3346 navis
394 3281 529 3365 lumine,
551 3307 594 3347 an
629 3287 714 3348 isin
737 3305 826 3348 mare
847 3283 992 3365 abiectis,
1013 3302 1069 3369 pa·

70 3384 154 3427 vens
176 3375 271 3453 atque
294 3373 496 3451 respectans,
527 3376 688 3433 ettamen
712 3390 777 3433 non
800 3370 917 3432 timens
941 3367 1008 3431 nisi
1026 3386 1070 3429 ne

69 3450 202 3530 periret.
