2266 3832
102 223 144 286 78
449 230 732 282 suoarnrrroua

103 388 194 453 aliud
223 408 319 473 quam
346 385 389 449 ad
415 382 539 448 bellum
564 382 790 449 vocabantur?
817 405 959 484 cumque
981 384 1106 450 damna·

102 484 210 539 torum
233 472 354 534 civium
374 468 460 534 bona
482 467 653 531 addicente
666 465 758 531 Sulla
779 488 932 553 quamvis
953 469 1041 533 male
1060 490 1106 533 ca

127 566 161 620 ta
181 557 252 618 iurc
274 564 383 617 tamen
403 559 601 631 tenerentur,
622 551 772 635 repetitio
789 552 902 617 eorum
916 550 1037 637 procul
1055 553 1106 617 dn·

79 580 159 704 abio
188 635 409 700 labefactabat
435 634 632 720 compositae
659 634 801 699 civitatis
829 642 962 699 statum.
1015 656 1107 722 expe

105 722 216 786 diebat
239 742 316 803 ergo
339 720 433 804 quasi
454 738 573 802 aegrae
588 718 781 803 sauciaeque
798 719 847 782 rei
867 716 1024 817 publicae
1045 718 1126 806 qui-s

105 825 214 868 escere
236 803 544 888 quomodocumque,
566 823 608 864 ne
627 800 764 866 volnera
784 809 952 866 curatione
974 801 1048 887 ipsa
1064 824 1107 865 re

79 887 340 953 ascinderentur.
393 906 470 968 ergo
505 906 579 949 cum
611 882 751 948 turbidis
783 883 990 949 contionibus
1022 884 1107 949 velut

105 971 242 1035 classico
271 970 437 1033 civitatem
469 969 655 1048 terruisset,
689 967 855 1053 profectus
882 969 917 1031 in
943 967 1109 1033 Etruriam

78 1058 194 1116 barma
222 1053 299 1116 inde
327 1060 358 1116 et
391 1053 570 1115 exercitum
597 1050 671 1115 urbi
694 1050 900 1117 admovebat.
952 1052 1014 1116 sed
1048 1052 1109 1115 iam

104 1138 264 1201 Mulvium
285 1145 416 1222 pontem
438 1134 616 1220 collemque
636 1133 819 1199 Ianiculum
839 1134 992 1199 Lutatius
1015 1134 1131 1200 Catu-o

105 1223 155 1285 lus
179 1220 356 1319 Gneusquc
371 1219 452 1284 Pom
476 1219 560 1299 cius,
583 1216 736 1282 Sullanae
759 1217 990 1284 dominationis
1012 1219 1108 1284 duces

79 1313 202 1404 ⁷atque
232 1304 396 1389 sigmfcri,
433 1241 497 1366 alic
525 1302 671 1365 exercitu
697 1301 896 1365 insederant.
947 1300 1108 1390 aquibus

104 1411 209 1488 prrmo
232 1390 342 1452 statim
370 1388 493 1471 impetu
519 1393 606 1450 rotro
628 1384 740 1470 pulsus
759 1384 927 1471 hostisque
954 1406 976 1448 a
996 1392 1110 1449 senatu

106 1473 267 1536 radicatus
301 1472 470 1534 incruenta
496 1467 577 1552 suga
602 1468 783 1549 Etruriam,
817 1468 895 1533 inde
924 1466 1110 1533 Sardiniam

80 1556 254 1636 8reoessit,
283 1552 394 1638 ibique
415 1550 527 1616 morbo
550 1562 582 1615 et
605 1552 805 1637 paenitentia
830 1552 965 1615 interiit.
1008 1552 1133 1617 victos

104 1660 157 1701 res
178 1657 314 1722 quoque,
336 1636 423 1721 quod
443 1656 508 1698 uon
532 1644 652 1698 temere
674 1634 754 1698 alias
777 1636 811 1698 in
831 1633 982 1699 civilibus
1002 1634 1109 1715 bellis,

104 1722 205 1805 partis
228 1719 372 1783 contenti
392 1719 533 1782 fuerunt.
1047 1721 1056 1729 '

275 1930 287 1949 .
316 1848 397 1914 xn.
423 1847 888 1915 summasunmna.

36 1979 128 2054 1111,1
191 1976 366 2043 Catilinam
383 1976 514 2040 luxuria
527 1976 676 2063 primum,
698 1985 766 2037 tum
786 1973 863 2039 hinc
874 1972 1015 2040 conflata
1038 1994 1110 2058 ege-

106 2072 172 2124 stas
199 2062 248 2126 rei
275 2060 460 2142 familiaris,
489 2058 584 2123 simul
613 2059 755 2139 occasio,
783 2058 871 2143 quod
893 2059 929 2121 in
955 2057 1109 2121 extremis

105 2145 225 2209 finibus
245 2145 357 2209 mundi
380 2166 470 2211 arma
490 2144 637 2209 Romana
662 2141 955 2227 peregrinabantur
961 2187 971 2221 ,
999 2141 1036 2203 in
1056 2162 1111 2204 ne-

106 2230 191 2292 faria
220 2230 356 2294 consilia
388 2226 618 2314 opprimendae
650 2224 775 2310 patriae
808 2245 886 2288 suae
922 2222 1109 2309 conpulere.

81 2322 253 2375 2senatum
272 2311 456 2392 confodere,
478 2309 628 2376 consules
649 2307 821 2389 trucidare,
844 2308 1043 2391 distringere
1063 2308 1111 2371 in-

106 2395 230 2458 cendiis
252 2394 381 2475 urbem,
404 2394 545 2477 diripere
568 2392 744 2472 aerarium,
765 2400 867 2457 totam
884 2391 961 2456 deni
983 2411 1025 2454 ue
1041 2411 1112 2454 rem

104 2476 268 2624 publicam
286 2477 434 2541 funditus
456 2475 572 2541 tollere
592 2485 624 2538 ct
645 2474 803 2560 quidquid
822 2496 883 2539 nec
894 2474 984 2538 Anni
1007 2472 1041 2536 al
1063 2474 1110 2538 vi-

80 2565 96 2616 3
129 2569 236 2623 eretur
257 2569 400 2645 optasse,
424 2559 604 2646 quibus-
625 2581 644 2622 o
665 2557 773 2621 nefas!
793 2594 837 2608 ·-
857 2558 954 2623 sociis
975 2578 996 2620 a
1061 2578 1110 2621 es-

106 2664 159 2707 sus
182 2645 244 2707 est!
268 2644 337 2727 ipse
373 2645 522 2726 atricius3
545 2642 604 2707 sed
621 2641 683 2707 hoc
701 2642 885 2705 minuscst:
909 2640 1010 2723 curii,
1060 2662 1110 2706 or·

105 2728 162 2807 oii,
186 2725 311 2808 Sullae,
343 2665 494 2811 Sethegi,
516 2726 683 2806 Autronii,
702 2725 884 2808 Varguntei
904 2732 937 2789 at
983 2722 1110 2788 cLon-

104 2811 189 2894 gini‚
211 2831 293 2895 quae
314 2809 473 2874 familiael
503 2831 586 2896 quae
604 2818 735 2873 senatus
757 2809 919 2892 insignia!
938 2745 1109 2872 (llentnlus

105 2914 233 2990 quoque
259 2903 328 2956 tum
352 2914 425 2958 cum
452 2894 592 2957 maxime
613 2902 753 2977 praetor.
798 2891 857 2957 hos
880 2892 984 2957 omnis
1006 2894 1130 2955 inm-a

79 2977 233 3039 4niss1mi
254 2976 409 3040 facinoris
431 2977 587 3041 satellites
602 2975 726 3039 habuit.
756 2975 904 3040 additum
924 2983 973 3040 est
988 2975 1109 3060 pignus

105 3060 337 3125 coniurationis
359 3061 491 3144 sanguis
504 3059 673 3142 humanus,
697 3082 792 3159 quem
813 3058 1038 3124 circumlatum
1053 3079 1109 3143 pa

105 3145 183 3207 teris
205 3142 333 3206 bibere:
363 3165 521 3208 summum
547 3144 655 3224 nefas,
683 3166 718 3207 m
745 3142 883 3228 amplius
906 3150 1007 3224 esset,
1035 3163 1109 3227 pro·

80 3237 177 3311 apter
206 3226 292 3313 quod
319 3226 482 3292 biberunt.
526 3235 633 3290 actum
658 3235 727 3290 erat
754 3226 794 3291 do
812 3225 1029 3312 pulcherrimo
1049 3226 1108 3288 im·

104 3312 211 3394 peric,
232 3311 296 3374 nisi
315 3311 372 3375 illa
392 3311 571 3375 coniuratio
599 3311 634 3373 in
657 3310 847 3374 Ciceronem
873 3320 905 3375 et
925 3309 1106 3373 Antonium

106 3396 255 3460 consules
282 3396 463 3476 incidisset,
492 3416 628 3481 quorum
648 3392 731 3457 alter
752 3393 911 3458 industria
931 3414 1001 3457 rem
1017 3398 1106 3477 pate·

79 3474 199 3561 tfeeit,
228 3477 310 3544 alter
336 3501 434 3543 manu
460 3479 628 3567 oppressit.
679 3485 744 3526 *ιιι
794 3477 854 3521 »Μ’
867 3477 921 3527 uris
949 3474 1107 3538 irdicium
