2266 3832
467 232 676 282 PRAEFATIO·
1034 234 1119 285 xvlt

10 370 148 448 amplior]
158 394 186 429 v.
197 375 288 430 Iahnii
304 376 393 446 praei.
414 374 540 445 p.xv11.
563 375 775 431 Freinshemius
795 376 950 446 supplevit:
969 378 1023 430 nisi
1038 377 1115 447 quod

10 461 135 529 amplior
143 458 189 513 bie
199 458 314 514 bostrum
325 461 480 527 erumnis,
491 473 576 530 eoque
586 461 682 515 acrior
694 466 746 515 etc.
760 488 802 499 -
812 464 862 526 86,
873 465 906 517 21
920 459 1108 515 Caesareana-

10 559 79 599 rum
91 542 132 596 B:
145 542 377 598 caesarianorum
388 542 446 597 No.
480 543 517 597 ei.
528 557 558 611 p.
567 547 618 609 89,
636 546 686 609 34,
699 545 745 597 ubi
758 544 822 597 item
835 559 870 596 ex
881 542 903 595 B
916 542 1112 598 Caesareanae

10 627 152 699 potentiae
162 626 341 680 restituimus.
358 655 401 667 -
410 629 455 691 86,
466 630 500 682 36
511 627 586 696 renio
597 626 660 681 No:
683 641 755 697 quoe
765 628 839 696 reaia
851 625 888 693 B,
901 627 963 679 sort.
977 633 1067 693 recte,
1085 626 1109 680 si

12 708 53 766 ad
62 708 176 781 fereda
187 709 303 764 ‘eram'
316 711 573 781 suppleas—86,
590 713 625 767 38
641 711 722 765 vetuti
738 710 775 763 B:
793 711 864 764 velat
880 708 939 764 ΝΟ.
951 739 993 747 -
1012 710 1063 775 87,
1074 713 1111 766 23

10 809 98 849 orma
115 798 141 847 et
162 798 333 847 armamenta
352 792 393 846 H:
412 808 492 845 armo
508 798 534 846 et
549 799 675 846 armento
692 792 729 861 B,
748 799 919 847 armamento
930 792 989 848 NO.
1001 820 1043 830 —
1063 794 1110 858 87,

10 880 51 935 33
62 876 169 930 iibrare
184 876 222 929 H:
239 875 357 930 liberare
368 874 405 942 B,
424 875 577 930 deliberare
590 876 614 930 N
617 875 647 931 0.
659 905 702 913 -
721 880 771 944 88,
790 883 824 934 10
838 876 947 931 bortori
960 878 1110 944 inerepare

12 959 55 1014 B:
68 958 212 1014 bortariO
225 975 319 1013 erroro
333 974 490 1028 operarum.
499 986 541 997 -
554 963 603 1026 88,
615 964 649 1018 26
656 959 812 1030 pbedaricis
823 959 1008 1030 Spengciius:
1022 961 1106 1029 plau·

11 1044 82 1098 stris
93 1042 115 1096 B
125 1085 133 1109 ,
140 1043 207 1112 pib's
218 1040 257 1108 N,
270 1043 373 1096 lancos
384 1041 405 1097 Ο
415 1057 423 1109 ;
434 1041 537 1097 balistis
551 1044 671 1098 coniecit
683 1043 940 1114 Bezzenbergcrus.
958 1072 995 1081 -
1006 1046 1058 1109 88,
1074 1046 1110 1100 29

10 1127 77 1181 aria
84 1126 266 1196 petentemN:
278 1123 343 1181 oniti
352 1131 449 1179 tentem
461 1127 549 1192 (corr.
562 1127 734 1181 intonantem
744 1143 829 1181 manu
841 1125 993 1181 admodum
1000 1131 1109 1192 vetere,

11 1208 68 1265 sed
80 1210 149 1276 aiis)
161 1208 199 1276 B,
214 1211 277 1264 ania
286 1214 416 1263 urentem
429 1209 462 1265 0.
474 1237 516 1247 —
526 1211 575 1276 89,
596 1213 630 1268 19
641 1211 697 1264 lata
708 1210 852 1265 dominatio
863 1210 902 1263 H:
920 1210 1005 1264 dilata
1022 1209 1109 1264 domi-

10 1295 89 1349 natio
101 1291 138 1361 B,
148 1293 242 1347 urbano
252 1292 354 1347 donata
366 1293 405 1360 N,
417 1293 501 1347 dilata
514 1296 664 1348 coniuratio
677 1294 698 1350 0
712 1310 747 1347 ox
758 1295 852 1364 priore
863 1309 926 1348 mea
937 1293 1110 1347 coniectura.

11 1404 57 1415 -
67 1380 119 1443 90,
131 1379 150 1434 3
160 1375 285 1430 desciscit
301 1377 329 1429 in
340 1377 463 1447 reyinam
478 1370 526 1406 ***
542 1378 622 1431 aliter
635 1376 672 1432 0:
691 1366 817 1432 desciscit
824 1380 854 1431 in
864 1391 954 1447 reyem

11 1460 88 1516 ,Nam
99 1459 180 1513 aliter
193 1458 215 1513 B
235 1461 339 1530 (reyem
351 1468 394 1515 cst
408 1461 504 1514 ultima
517 1476 575 1514 vox
586 1476 701 1527 versus,
720 1462 809 1531 spatio
827 1476 918 1516 vacuo
930 1461 1026 1514 relicto
1040 1459 1108 1513 duo·

13 1543 109 1598 decim
124 1543 183 1596 sere
201 1543 352 1597 litterarum
360 1557 368 1610 ;
382 1550 440 1597 tum
454 1560 545 1600 novus
556 1560 657 1599 versus
675 1545 771 1614 incipit
783 1561 799 1599 a
811 1546 897 1598 verbo
908 1541 995 1610 Nom)
1010 1572 1052 1581 —
1062 1546 1108 1610 90,

12 1632 29 1687 7
42 1626 196 1697 Anytntum
207 1625 312 1682 delevit
321 1625 540 1681 Freinshemius.
560 1656 597 1667 —
611 1631 659 1694 90,
673 1633 706 1686 13
716 1635 802 1683 motus
813 1628 940 1683 ciuitatis.-
953 1628 1030 1681 motis
1041 1627 1102 1682 ciui·

13 1712 79 1765 tatis
93 1708 129 1777 B,
151 1710 266 1765 ciuitatis
283 1716 371 1764 motus
387 1709 445 1765 ΝΟ.
463 1739 506 1750 -
528 1715 578 1778 90,
592 1715 626 1769 26
646 1718 671 1765 et
681 1711 828 1766 obnoxium
841 1709 991 1764 delendum
1010 1716 1108 1763 censet

12 1791 216 1863 Hauptiusc-
227 1797 279 1859 90,
291 1796 327 1850 33
336 1793 473 1848 obsidebat
483 1800 513 1848 at
522 1794 560 1848 H:
578 1794 714 1850 obsiderat
724 1796 761 1862 B,
776 1793 913 1850 obsidebat
922 1794 946 1847 N
955 1836 961 1860 ,
974 1793 1107 1848 obsidere.

12 1884 44 1931 at
54 1874 77 1931 0
87 1890 95 1943 ;
106 1877 202 1945 possis
214 1877 312 1930 etiam:
323 1876 475 1945 obsidebot‚
490 1893 552 1934 cum
566 1877 692 1935 Octavius
708 1885 760 1933 etc.
775 1906 819 1916 —
829 1881 877 1943 91,
891 1883 924 1935 21
935 1877 1061 1931 ultionem
1072 1875 1108 1930 de

12 1960 57 2015 bis
66 1958 194 2014 sumendi
207 1959 246 2014 li:
263 1960 390 2014 ultionem
403 1960 437 2014 de
453 1961 496 2016 bis
508 1962 544 2029 B,
560 1963 669 2015 ultionis
680 1961 714 2016 de
730 1961 773 2015 bis
785 1960 844 2016 ΝΟ.
856 1989 899 1998 -
909 1965 957 2027 91,
970 1966 1004 2017 25
1015 1959 1107 2013 Pero·

11 2046 84 2100 sium
96 2042 136 2097 N:
153 2042 299 2097 Perusiam
311 2042 368 2101 BO.
381 2072 424 2082 —
436 2049 485 2111 91,
497 2050 531 2100 25
543 2046 680 2098 euerritus
691 2044 729 2098 B:
749 2051 774 2099 et
785 2047 922 2119 exercitus
939 2042 996 2099 ΝΟ.
1009 2072 1051 2080 -
1062 2046 1108 2111 91,

12 2130 50 2186 28
61 2125 132 2181 nibil
140 2127 272 2198 insiynius
283 2127 498 2182 Mommsenius:
517 2127 587 2181 nibil
601 2130 629 2181 in
640 2141 670 2181 se
680 2129 769 2182 minus
779 2126 861 2181 BNO.
873 2155 914 2165 —-
924 2129 972 2192 91,
985 2129 1018 2182 31
1030 2128 1106 2196 0196-

11 2215 118 2265 nteseat
129 2209 192 2264 BN:
203 2212 361 2280 inyemiscat
371 2209 404 2265 0.
416 2240 459 2249 —
470 2215 516 2282 92,
526 2216 561 2270 26
572 2225 624 2264 nee
635 2216 689 2265 tom
700 2213 790 2264 omina
801 2211 953 2264 inminentis
964 2209 1051 2263 clodis
1063 2209 1106 2262 la-

12 2298 125 2349 tuerunt
135 2293 157 2347 H
167 2307 175 2347 :
186 2308 238 2348 nec
248 2299 284 2348 tot
292 2296 330 2348 im
344 2284 357 2371 ΙΙ
372 2295 499 2349 minentia
511 2295 642 2348 destinate
651 2295 737 2348 cladis
748 2294 886 2349 latuerunt
895 2292 927 2360 B,
934 2307 985 2346 nec
995 2299 1052 2347 tum
1061 2294 1104 2345 in-

11 2377 144 2431 minentia
155 2377 243 2431 cladis
254 2378 404 2432 destinatae
413 2381 493 2449 siano
505 2379 645 2433 latuerunt
658 2378 697 2444 N,
713 2392 765 2432 nec
783 2383 838 2432 tum
849 2378 1006 2431 inminentia
1022 2376 1104 2430 desti—

11 2466 99 2515 natae
108 2460 195 2514 eladis
205 2461 344 2515 latuerunt
354 2461 386 2516 0.
418 2462 509 2515 Locus
522 2462 612 2516 labem
623 2463 714 2530 traxit,
727 2478 789 2516 cum
801 2462 945 2532 glossema
955 2460 1107 2514 destinatae

12 2542 52 2599 sd
68 2558 135 2598 voe.
154 2544 308 2598 inminentis
325 2544 497 2617 adscriptum
515 2547 544 2599 in
558 2548 706 2599 verborum
719 2551 878 2600 contextum
894 2544 998 2598 illatum
1010 2549 1105 2609 csset;

12 2627 87 2683 solet
97 2633 190 2681 autem
201 2629 300 2683 Florus
312 2629 341 2681 in
351 2629 398 2683 tali
410 2644 439 2681 re
451 2645 478 2684 v.
489 2630 623 2682 inminens
634 2629 688 2695 uti,
702 2645 729 2682 v.
740 2645 769 2698 p.
781 2632 825 2695 29,
838 2633 872 2685 22
883 2630 1054 2682 inminentem
1066 2631 1107 2679 te-

10 2711 136 2765 merario
146 2712 212 2765 duci
221 2709 541 2782 cladempraedinerant
554 2713 699 2767 insidentia
713 2714 796 2783 sionis
807 2713 953 2774 eremium·
969 2728 998 2780 p.
1009 2714 1059 2777 33,
1070 2713 1107 2765 20

10 2792 84 2849 Isaeo
91 2791 147 2864 suit
155 2795 227 2849 iilius
237 2796 292 2850 oiri
300 2811 356 2850 non
363 2797 423 2849 sine
430 2796 702 2867 praesoqioquodam
710 2793 767 2865 fati
776 2797 930 2849 inminentis
936 2796 1031 2864 prima
1039 2809 1089 2847 con

10 2874 401 2950 fauo312·84,9numquam
416 2881 568 2933 inminentis
580 2881 678 2933 ruinae
689 2877 879 2950 manifestiora
886 2878 1026 2950 prodigio.
1054 2876 1096 2931 In-

10 2962 139 3015 minentis
155 2961 262 3029 (deleto
279 2963 440 3029 destinatae)
458 2962 635 3017 scribendum
649 2978 713 3017 esse
726 2964 807 3017 etiam
819 2962 1064 3031 Bezzenbergerus
1079 2966 1100 3012 ct

10 3042 65 3099 Ed.
77 3042 223 3100 Wurmius
234 3045 439 3104 intellexerunt.
451 3074 494 3083 —
503 3050 547 3113 92,
555 3050 590 3103 28
600 3048 723 3101 υοῖιιενεε
732 3047 813 3118 quasi
821 3048 877 3100 iarn
887 3062 939 3101 suo
951 3046 983 3113 (i.
991 3059 1092 3114 mprar

11 3126 81 3183 dam
93 3128 148 3184 sibi
160 3127 341 3198 destinatam)
353 3130 585 3184 circumvolabant
594 3130 631 3184 B:
650 3130 773 3185 volucres
785 3136 878 3184 castro
897 3131 1041 3201 quostiam
1051 3142 1098 3181 siu

10 3212 246 3268 circumvolabant
256 3211 315 3267 ΝΟ.
329 3242 365 3252 -
378 3217 421 3280 93,
436 3221 449 3271 1
462 3215 522 3268 acie
532 3210 717 3286 namquecte.]
733 3214 811 3267 locus
823 3214 945 3284 graviter
958 3217 1086 3280 corrupti

11 3294 54 3351 sie
67 3296 96 3349 in
106 3294 130 3349 B
142 3298 262 3366 scriptus
275 3303 331 3351 est:
350 3298 409 3350 acie
422 3311 539 3368 namque
551 3300 693 3351 commissa
710 3312 771 3351 cum
782 3298 853 3367 pari
865 3296 967 3349 aroore
977 3295 1078 3365 aliqua*

10 3378 60 3434 diu
71 3378 228 3435 dimicatum
239 3378 316 3451 foret
324 3382 448 3452 quamrtis
460 3380 542 3434 duces
553 3381 616 3435 inde
626 3389 788 3450 praesentes
799 3379 922 3433 adessem
1036 3378 1082 3431 ait

10 3478 78 3517 rum
94 3465 222 3533 eorporis
237 3464 388 3535 aeqritudo.
422 3465 496 3518 iilum
513 3470 599 3518 ru’ius
616 3470 641 3500 ⁰*
655 3466 766 3520 ’'oraui‘'
782 3463 962 3516 subduuis-Mu
1026 3468 1084 3515 tirr-

53 3560 168 3602 nonus.
890 3562 892 3567 ·
