2266 3832
350 220 395 302 II,
413 223 545 286 14-16
558 222 634 310 [1111‚
646 225 766 313 3-6].
1013 230 1052 292 91

57 382 202 483 quidem·
218 385 315 449 etiam
333 406 442 484 'manu
461 386 596 487 pulclrer
617 393 775 488 apparuit.
806 411 881 454 narn
902 400 1054 456 cruentus

57 474 93 530 et
114 486 242 531 mucius
266 469 408 554 aquilam
427 491 448 534 a
467 481 624 537 moriente
640 474 797 558 srgnifero
817 475 969 539 traditam
986 478 1055 540 suis

55 550 180 615 umeris
199 552 235 615 in
254 559 361 615 castra
381 553 554 619 referebat.

254 681 348 747 XVI.
380 681 565 748 BELLVM
586 684 856 751 PERVSINVM.

17 832 34 871 ι,
142 798 291 864 Alterum
300 797 421 865 bellum
431 802 606 865 concitavit
615 821 768 887 agrorum
780 801 912 883 divisio,
931 802 1124 888 quod1111,5

58 882 184 948 Caesar
198 883 361 948 veteranis
377 884 478 982 patris
494 885 635 968 pretium
650 884 784 948 militiae
802 884 954 949 solverat.
973 906 1081 956 sem-2

56 987 119 1053 per
156 966 238 1035 alias
265 967 402 1031 Antonii
430 968 606 1054 pessimum
639 969 806 1051 ingenium
837 967 957 1032 Fulvia
986 977 1056 1033 tum

57 1049 169 1134 gladio
197 1051 304 1115 cincta
324 1049 430 1115 virilis
451 1049 586 1114 militiae
607 1072 691 1115 uxor
712 1051 868 1136 agitabat.
900 1073 978 1137 ergo
1000 1052 1055 1116 da

57 1132 169 1281 ΕΜ
198 1133 287 1218 agris
316 1133 448 1199 colonos
476 1134 642 1198 incitando
673 1135 791 1199 iterum
822 1156 913 1199 arma
943 1138 1053 1199 eierat.

21 1245 52 1286 so
96 1236 198 1280 over

198 1237 219 1281 o
237 1218 303 1297 iam
322 1238 389 1282 non
409 1218 561 1303 privatis,
591 1217 650 1282 sed
669 1219 768 1282 totius
791 1226 921 1282 senatus
942 1218 1080 1286 suffrae

57 1300 124 1385 giis
153 1300 331 1364 indicatum
357 1300 483 1364 hostem
502 1300 624 1365 Caesar
651 1300 825 1386 adgressus
848 1304 935 1365 intra
955 1302 1055 1366 Peru-

58 1384 128 1448 siae
147 1404 256 1448 muros
276 1383 403 1468 redegit
426 1383 633 1470 conpulitque
656 1385 698 1447 ad
720 1393 865 1450 extrema
882 1385 1055 1450 deditionis

56 1468 147 1553 turpi
169 1474 202 1532 et
221 1466 304 1531 nihil
323 1488 389 1532 non
409 1476 543 1552 experta
565 1468 660 1531 fame.

383 1598 731 1667 TRIVMVIRATVS.

22 1751 51 1793 15
146 1717 229 1783 Qum
239 1717 326 1782 solus
337 1720 434 1782 etiam
444 1721 556 1803 gravis
571 1721 659 1818 paci,
742 1720 794 1784 vis
811 1722 860 1784 rei
873 1720 1024 1805 publicae
1032 1722 1123 1804 1111,6

58 1809 147 1867 asset
160 1801 336 1885 Antonius,
359 1803 452 1888 quasi
471 1804 557 1887 ignis
578 1741 742 1867 meendb)
746 1803 889 1889 Lepidus
907 1805 1054 1867 accessit.

57 1884 115 1925 Ψ
138 1884 191 1948 eui
212 1893 335 1949 contra-
347 1885 427 1950 duos
450 1886 614 1969 consules,
637 1888 718 1950 duos
739 1888 900 1950 exercitus
921 1907 1056 1951 neeesse

55 1968 123 2033 fnit
137 1969 250 2031 venire
266 1969 301 2031 in
317 1970 533 2033 cruentissimi
549 1970 689 2033 foederis
707 1971 902 2033 societatem.
926 1970 1056 2033 diversa

57 2051 204 2118 omnium
223 2061 313 2133 vota,
335 2060 371 2115 ut
387 2054 529 2137 ingenia.
551 2051 711 2136 Lepidum
725 2051 911 2115 divitiarum
927 2053 1082 2137 cupido,2

20 2156 198 2223 aequarum
218 2156 233 2197 s
277 2155 292 2197 s
314 2144 383 2201 erat
404 2158 447 2199 ex
467 2135 709 2220 perturbatione
728 2136 776 2198 rei
798 2133 961 2220 publicae,
987 2136 1055 2199 An-

55 2220 184 2284 tonium
207 2219 364 2282 utionem
390 2219 431 2283 de
456 2219 507 2282 his
535 2223 671 2283 sumendi
693 2221 803 2303 quise
825 2218 950 2282 hostem
973 2217 1055 2281 iudi-

12 2359 19 2369 ,
57 2308 202 2382 cessent,
225 2299 398 2366 Gaesarem
418 2302 539 2365 inultus
560 2312 652 2387 pater
672 2310 704 2364 et
724 2300 874 2365 manibus
893 2302 963 2364 eius
982 2321 1055 2385 gra-

56 2406 118 2450 ves
137 2382 271 2448 (lessius
292 2393 324 2448 et
345 2385 465 2450 Brutus
486 2385 663 2469 agitabant.
686 2386 722 2447 in
743 2385 805 2448 hoc
825 2384 916 2448 velut
936 2383 1081 2451 foedusa

55 2488 127 2569 pax
155 2466 240 2533 inter
269 2476 336 2539 tres
367 2468 464 2532 duces
491 2469 692 2553 eonponitnr.
732 2467 819 2552 apud
849 2466 1055 2532 Confluentes

22 2560 145 2619 saintet
169 2549 339 2615 Perusiam
366 2560 398 2614 et
422 2550 613 2615 Bononiam,
629 2553 769 2634 iungunt
795 2572 930 2633 manus3
964 2572 1055 2614 exer-

56 2636 142 2701 citus
166 2634 379 2698 consalutant.
401 2634 490 2698 nullo
510 2634 596 2699 bono
616 2656 706 2698 more
725 2635 947 2698 triumviratus
964 2636 1056 2698 inva-

56 2718 161 2798 ditur,
182 2738 400 2806 oppressaque
419 2719 516 2781 armis
533 2717 714 2803 republica
730 2717 815 2781 redit
833 2717 966 2782 Sullana
981 2738 1056 2802 pro·

56 2801 205 2889 scriptio,
236 2803 327 2865 cuius
357 2801 508 2866 atrocitas
539 2801 620 2864 nihil
647 2802 807 2885 insignius
835 2800 933 2864 habet
960 2821 1056 2886 quarn

55 2905 228 2949 numerum
253 2893 382 2949 centum
410 2894 441 2948 et
469 2884 683 2983 quadraginta
715 2892 909 2948 senatorum.
948 2884 1081 2947 exitusl

22 2967 163 3049 assedi,
186 2974 312 3051 truces,
339 2966 541 3032 miserab1les
561 2975 629 3032 toto
650 2977 808 3031 terrarum
828 2966 907 3031 orbe
929 2966 1055 3050 fugien-

55 3053 149 3117 tium.
180 3052 253 3137 quis
272 3073 332 3137 pro
351 3051 544 3135 indignitate
564 3051 763 3135 ingemescat
768 3099 777 3132 ‚
802 3071 875 3115 eum
893 3050 1055 3114 Antonius

55 3134 196 3199 Lucium
217 3133 391 3199 Caesarem
412 3134 607 3199 avunculum
630 3154 737 3215 suum,
758 3133 902 3219 Lepidus
919 3133 1057 3197 Lucium

56 3216 199 3283 Paulum
227 3217 361 3283 fratrem
393 3239 485 3281 suum
519 3217 795 3302 proscripserint‘?
830 3237 906 3280 nam
932 3216 1082 3280 Romaee

57 3302 167 3389 capita
193 3322 362 3368 caesorum
386 3321 566 3386 proponere
599 3301 634 3363 in
664 3300 778 3364 rostris
809 3300 875 3364 iam
901 3300 1056 3362 usitatum

23 3392 145 3465 aerat3
176 3406 290 3450 verum
317 3386 365 3449 sic
391 3405 454 3471 quo
476 3404 518 3447 ue
545 3383 661 3447 civitas
688 3382 837 3447 lacrimas
857 3391 967 3445 tenere
988 3400 1055 3444 non

56 3468 177 3555 potuit,
205 3488 280 3533 eum
305 3468 445 3533 recisum
494 3467 633 3531 iceronis
653 3474 749 3551 caput
771 3467 805 3528 ln
829 3464 895 3528 illis
916 3465 984 3528 suis
1004 3483 1055 3527 ro·
