2266 3832
152 172 193 234 14
508 176 727 233 eotoorlt

77 352 134 394 ao.
148 338 495 416 emsuhtumiurplrarit
519 338 756 399 I'rinusllom
766 341 934 416 elephantos
942 352 1080 418 quatuor·

86 423 132 463 ⁴²⁸
148 422 237 481 duxit.
266 421 390 497 Pyrrha
402 421 648 482 etianal'arento
659 427 858 484 nonrecessit
875 434 906 483 et
920 425 1000 502 apud
1010 424 1066 486 Ar·

147 524 214 584 gos,
232 505 370 564 Graeciae
384 509 538 579 civitatem,
550 510 666 565 occisus
680 517 736 565 est

77 609 136 648 eo.
211 589 298 648 Gur.
313 589 473 667 xvim)
504 589 537 647 G.
554 589 643 649 Fabio
654 589 753 650 Licino
771 600 801 649 et
818 590 852 648 C.
873 590 997 650 Claudio
1010 591 1064 654 Ge·

85 676 131 717 ’ἃ
146 675 211 731 nina
224 689 302 731 coss.
314 690 388 732 anno
399 674 478 732 urbis
488 672 620 732 emdine
631 695 756 734 ccccm
770 674 858 751 iegati
864 673 1062 754 Alexandrini,

145 754 333 815 al'tolemaeo
344 759 434 831 missi,
446 756 676 817 Romamvenere
686 768 716 817 et
726 758 885 817 allemania
894 760 1061 836 amicitiam,

145 858 227 917 quam
240 843 392 917 petierant,
406 841 595 899 obtinuerunt

76 950 132 991 gu,
210 922 382 983 Gunllvl.
405 923 653 1000 QuintoOgulnio‚
662 923 695 984 G.
703 923 793 984 Fabio
803 923 915 983 Pictore
923 942 1004 985 coss.
1016 925 1061 986 I'i·

85 1017 132 1058 m.
145 1016 244 1066 centes
260 1006 366 1067 bellurn
386 1025 583 1083 commovere,
605 1019 635 1067 et
651 1009 687 1067 ab
702 1009 916 1086 insequentibus
933 1009 1062 1069 consuli·

85 1085 131 1128 ⁴⁸⁴·
144 1090 198 1150 bus
216 1089 248 1150 P.
267 1091 455 1168 Sempronio,
479 1092 576 1168 Appio
593 1091 713 1151 Claudio
730 1094 797 1150 victi
815 1101 898 1159 auut;
922 1092 1000 1152 etde
1014 1094 1062 1153 luis

143 1176 341 1252 triumphatum
352 1184 407 1234 est
430 1174 569 1234 conditae
580 1176 889 1251 allomanismritatea,
902 1175 1061 1236 Ariminum

142 1259 170 1316 in
187 1256 277 1318 Gallia
289 1268 318 1318 et
328 1258 521 1318 Beneventum
533 1261 561 1317 io
576 1261 702 1320 Samnio.

75 1363 129 1404 ao.
205 1343 255 1401 Cu
266 1363 293 1402 a.
305 1342 396 1402 XVII.
418 1341 456 1402 II
474 1342 702 1421 Atiliollegulo‚
721 1342 753 1401 L
770 1340 962 1401 luliolihoue
979 1359 1059 1406 cosa.

81 1430 128 1471 485-
143 1424 306 1485 Sallentinis
324 1429 352 1485 iu
366 1427 470 1503 Apulia
490 1426 595 1484 bellum
612 1427 747 1485 indictum
764 1434 825 1498 cst,
846 1426 980 1503 captique
992 1436 1061 1487 sunt

83 1499 129 1540 ⁴⁸⁰¹
143 1524 206 1566 eom
219 1509 424 1567 civitatesimul
436 1508 612 1584 Brundisiul,
632 1517 662 1567 et
676 1509 712 1567 de
724 1510 768 1567 iuis
786 1509 983 1586 triumphatum
1001 1522 1058 1571 est.

74 1620 128 1661 gv,
208 1590 293 1651 (lar.
306 1589 410 1650 XVIII.
428 1590 496 1670 (Χ.)
514 1591 596 1650 Auno
608 1611 794 1666 ceccanum,
808 1609 871 1650 cum
884 1595 937 1651 ianr
950 1592 1060 1654 clarum

80 1686 126 1730 tm.
143 1673 221 1732 orbis
234 1673 342 1733 Rornae
353 1690 456 1732 nomeu
469 1683 558 1750 esset,
576 1693 651 1734 arma
662 1684 754 1735 tamen
772 1684 850 1735 extra
861 1674 969 1734 Italiam
979 1687 1060 1738 mota

141 1772 198 1816 uon
211 1757 330 1816 lucrant.
360 1756 396 1816 Ut
407 1759 493 1834 igitur
504 1769 739 1834 cognosceretur,
752 1777 825 1836 quae
838 1761 940 1836 copiae
951 1758 1060 1821 Roma·

141 1857 241 1900 noram
257 1848 364 1914 esseut,
380 1858 484 1900 census
497 1850 542 1899 cat
553 1841 674 1901 habitus.
696 1841 812 1901 Iuventa
823 1851 887 1902 aunt
899 1843 1059 1905 ciuiumea·

141 1925 198 2001 pita
215 1940 310 1982 coxon
322 1923 397 1982 milia
410 1943 560 1999 cccxxxiv,
575 1943 733 2004 quanquam
748 1944 763 1986 a
780 1926 892 1985 condita
904 1925 974 1984 urbe
985 1946 1059 1988 nun·

142 2024 224 2085 quarn
240 2005 315 2066 bella
327 2017 499 2070 cessassent.
519 2006 555 2068 Et
567 2019 664 2069 eontra
675 2009 761 2068 Afros
775 2009 880 2068 bellum
889 2019 1060 2088 susceptum

141 2099 185 2150 est
199 2091 316 2166 primum
327 2091 422 2168 Appio
431 2090 560 2168 Claudio,
575 2092 720 2165 Q.Fulvio
733 2110 810 2152 coss.
835 2091 866 2152 In
875 2093 973 2152 Sicilia
986 2111 1058 2155 con-

139 2183 181 2233 tra
197 2189 249 2232 eos
262 2184 414 2250 pugnatum
427 2184 471 2234 est
488 2184 516 2235 et
526 2175 637 2254 Appius
650 2174 784 2235 claudius
800 2176 836 2235 de
847 2176 925 2235 liris
937 2185 966 2236 et
981 2192 1057 2256 rege

140 2255 255 2317 Siciliae
267 2256 392 2317 Hierone
403 2259 590 2336 triumphauit.

71 2379 125 2487 li:
143 2339 471 2487 0r1÷0⁰0⁴03i³ii³iilii
474 2343 968 2504 illitiillailla?
976 2345 1057 2489 lit:

139 2504 375 2583 Tauromenitani
390 2506 556 2567 Catinenses
569 2517 597 2568 et
608 2518 755 2585 praeterea
767 2513 968 2589 quinquaginta
982 2515 1055 2573 civi-

138 2598 210 2649 tates
221 2590 248 2649 in
262 2588 344 2649 iidem
359 2600 496 2668 acceptae
508 2601 581 2651 suut.
605 2590 701 2652 Tertio
713 2611 785 2653 anno
800 2597 829 2653 iu
841 2595 937 2654 Sicilia
953 2606 1055 2658 contra

137 2672 289 2733 Hieronem
301 2673 405 2733 bellum
418 2683 552 2752 patratum
567 2683 620 2735 est.
643 2674 671 2735 Is
684 2679 830 2737 cumomni
840 2678 986 2738 nobilitate
997 2681 1053 2757 Sy·

137 2773 335 2816 racusanorum
346 2775 445 2835 pacem
457 2757 782 2836 aRomaniu‘Impetrarit
794 2759 928 2839 deditque
939 2767 1053 2840 argenti

71 2862 124 2906 ao.
136 2839 239 2900 talenta
256 2840 384 2902 ducenta.
417 2840 477 2900 Alri
496 2843 524 2900 ln
540 2841 636 2902 Sicilia
651 2843 719 2902 victi
740 2851 818 2918 suut,
841 2852 870 2905 et
890 2845 986 2904 dehis
1003 2865 1053 2907 se·

79 2928 125 2974 ⁴⁰⁰·
138 2922 229 2983 eundo
241 2923 349 2983 Romae
361 2924 555 3002 triumphatum
569 2934 621 2985 eat.

81 3033 135 3076 gv,
202 3008 287 3068 Cur.
299 3006 362 3068 XX.
387 3007 1051 3088 QuintoannobelliPunici,quodcontrarlfros

81 3097 125 3144 lli·
138 3091 283 3169 agebatur,
301 3090 541 3168 prImumIlomani
559 3090 694 3152 monuo
711 3100 740 3151 et
754 3091 805 3152 Cn.
819 3092 952 3155 Cornelio
961 3094 1051 3159 Asina

139 3190 214 3234 coss.
233 3174 260 3234 in
277 3175 344 3234 mari
362 3174 562 3235 dlmicaverunt
580 3177 682 3252 paratis
698 3177 814 3237 navibus
825 3181 963 3255 rostratis,
976 3198 1050 3258 quas

138 3255 272 3318 liburnas
290 3267 400 3318 vocant.
430 3256 536 3318 Consul
556 3258 705 3319 Cornelius
722 3260 821 3320 fraude
839 3261 976 3338 deceptus
993 3274 1048 3327 est.

137 3338 248 3402 Dellius
264 3344 415 3402 commisso
435 3342 545 3420 proelio
559 3340 829 3422 Carthaginienslum
849 3343 949 3403 ducem
965 3348 1046 3426 vicit,
