<?xml version="1.0" encoding="UTF-8"?>
<!DOCTYPE html PUBLIC "-//W3C//DTD XHTML 1.0 Transitional//EN"
    "http://www.w3.org/TR/xhtml1/DTD/xhtml1-transitional.dtd">
<html xmlns="http://www.w3.org/1999/xhtml" xml:lang="en" lang="en">
 <head>
  <title>
</title>
<meta http-equiv="Content-Type" content="text/html;charset=utf-8" />
  <meta name='ocr-system' content='tesseract 3.04.00' />
  <meta name='ocr-capabilities' content='ocr_page ocr_carea ocr_par ocr_line ocrx_word'/>
</head>
<body>
  <div class='ocr_page' id='page_1' title='image "./eutropiibreviar01crugoog_0060.png"; bbox 0 0 2266 3832; ppageno 0'>
   <div class='ocr_carea' id='block_1_1' title="bbox 383 230 976 312">
    <p class='ocr_par' dir='ltr' id='par_1_1' title="bbox 383 230 976 312">
     <span class='ocr_line' id='line_1_1' title="bbox 383 230 976 312; baseline -0.005 -18"><span class='ocrx_word' id='word_1_1' title='bbox 383 240 548 312; x_wconf 50' lang='lat' dir='ltr'><strong>,arnna</strong></span> <span class='ocrx_word' id='word_1_2' title='bbox 578 240 629 295; x_wconf 84' lang='lat' dir='ltr'><strong>ur.</strong></span> <span class='ocrx_word' id='word_1_3' title='bbox 934 230 976 292; x_wconf 81' lang='lat'><strong>45</strong></span> 
     </span>
    </p>
   </div>
   <div class='ocr_carea' id='block_1_2' title="bbox 59 400 977 2589">
    <p class='ocr_par' dir='ltr' id='par_1_2' title="bbox 59 400 977 2589">
     <span class='ocr_line' id='line_1_2' title="bbox 60 400 975 468; baseline -0.005 -13"><span class='ocrx_word' id='word_1_4' title='bbox 60 405 160 455; x_wconf 83' lang='lat' dir='ltr'><strong>caedes.</strong></span> <span class='ocrx_word' id='word_1_5' title='bbox 192 403 288 454; x_wconf 89' lang='lat' dir='ltr'><strong>Divisio</strong></span> <span class='ocrx_word' id='word_1_6' title='bbox 314 403 484 468; x_wconf 84' lang='lat' dir='ltr'><strong>reipublicae</strong></span> <span class='ocrx_word' id='word_1_7' title='bbox 510 405 575 452; x_wconf 89' lang='lat' dir='ltr'><strong>inter</strong></span> <span class='ocrx_word' id='word_1_8' title='bbox 599 403 735 452; x_wconf 84' lang='lat' dir='ltr'><strong>Antonium</strong></span> <span class='ocrx_word' id='word_1_9' title='bbox 760 410 785 451; x_wconf 88' lang='lat' dir='ltr'><strong>et</strong></span> <span class='ocrx_word' id='word_1_10' title='bbox 803 400 975 451; x_wconf 78' lang='lat' dir='ltr'><strong>Octavianum.</strong></span> 
     </span>
     <span class='ocr_line' id='line_1_3' title="bbox 59 470 976 534; baseline -0.007 -11"><span class='ocrx_word' id='word_1_11' title='bbox 59 474 162 524; x_wconf 79' lang='lat' dir='ltr'><strong>Antonii</strong></span> <span class='ocrx_word' id='word_1_12' title='bbox 180 471 272 532; x_wconf 84' lang='lat' dir='ltr'><strong>irater,</strong></span> <span class='ocrx_word' id='word_1_13' title='bbox 291 473 398 531; x_wconf 87' lang='lat' dir='ltr'><strong>Lucius,</strong></span> <span class='ocrx_word' id='word_1_14' title='bbox 415 486 496 520; x_wconf 86' lang='lat' dir='ltr'><strong>novus</strong></span> <span class='ocrx_word' id='word_1_15' title='bbox 512 473 572 521; x_wconf 89' lang='lat' dir='ltr'><strong>belli</strong></span> <span class='ocrx_word' id='word_1_16' title='bbox 588 470 669 522; x_wconf 85' lang='lat' dir='ltr'><strong>civilis</strong></span> <span class='ocrx_word' id='word_1_17' title='bbox 685 478 788 530; x_wconf 85' lang='lat' dir='ltr'><strong>auctor,</strong></span> <span class='ocrx_word' id='word_1_18' title='bbox 818 470 976 534; x_wconf 77' lang='lat' dir='ltr'>opprimitur.</span> 
     </span>
     <span class='ocr_line' id='line_1_4' title="bbox 60 538 977 604; baseline -0.007 -12"><span class='ocrx_word' id='word_1_19' title='bbox 60 540 86 596; x_wconf 82' lang='lat'><strong>4.</strong></span> <span class='ocrx_word' id='word_1_20' title='bbox 104 542 202 591; x_wconf 92' lang='lat' dir='ltr'><strong>Bellum</strong></span> <span class='ocrx_word' id='word_1_21' title='bbox 227 556 284 590; x_wconf 90' lang='lat' dir='ltr'><strong>cnm</strong></span> <span class='ocrx_word' id='word_1_22' title='bbox 309 540 384 590; x_wconf 90' lang='lat' dir='ltr'><strong>Sexto</strong></span> <span class='ocrx_word' id='word_1_23' title='bbox 408 539 528 604; x_wconf 90' lang='lat' dir='ltr'><strong>Pompeio</strong></span> <span class='ocrx_word' id='word_1_24' title='bbox 551 555 614 604; x_wconf 87' lang='lat' dir='ltr'><strong>pace</strong></span> <span class='ocrx_word' id='word_1_25' title='bbox 636 540 801 603; x_wconf 79' lang='lat' dir='ltr'><strong>componitur.</strong></span> <span class='ocrx_word' id='word_1_26' title='bbox 835 538 860 586; x_wconf 81' lang='lat'><strong>5.</strong></span> <span class='ocrx_word' id='word_1_27' title='bbox 886 538 977 603; x_wconf 89' lang='lat' dir='ltr'><strong>Agrip-</strong></span> 
     </span>
     <span class='ocr_line' id='line_1_5' title="bbox 59 605 977 675; baseline -0.005 -16"><span class='ocrx_word' id='word_1_28' title='bbox 59 626 94 675; x_wconf 92' lang='lat' dir='ltr'><strong>pa</strong></span> <span class='ocrx_word' id='word_1_29' title='bbox 112 612 137 659; x_wconf 87' lang='lat' dir='ltr'><strong>in</strong></span> <span class='ocrx_word' id='word_1_30' title='bbox 155 609 291 672; x_wconf 82' lang='lat' dir='ltr'><strong>Aquitanis</strong></span> <span class='ocrx_word' id='word_1_31' title='bbox 309 624 349 658; x_wconf 89' lang='lat' dir='ltr'><strong>res</strong></span> <span class='ocrx_word' id='word_1_32' title='bbox 367 622 489 674; x_wconf 78' lang='lat' dir='ltr'><strong>prospere</strong></span> <span class='ocrx_word' id='word_1_33' title='bbox 507 610 580 674; x_wconf 91' lang='lat' dir='ltr'><strong>gerit.</strong></span> <span class='ocrx_word' id='word_1_34' title='bbox 606 607 741 657; x_wconf 82' lang='lat' dir='ltr'>Ventidius</span> <span class='ocrx_word' id='word_1_35' title='bbox 758 606 852 656; x_wconf 76' lang='lat' dir='ltr'><strong>Bassam</strong></span> <span class='ocrx_word' id='word_1_36' title='bbox 871 605 903 655; x_wconf 88' lang='lat' dir='ltr'><strong>de</strong></span> <span class='ocrx_word' id='word_1_37' title='bbox 918 606 977 654; x_wconf 88' lang='lat' dir='ltr'><strong>Par·</strong></span> 
     </span>
     <span class='ocr_line' id='line_1_6' title="bbox 60 671 976 742; baseline -0.003 -16"><span class='ocrx_word' id='word_1_38' title='bbox 60 678 119 738; x_wconf 88' lang='lat' dir='ltr'><strong>this,</strong></span> <span class='ocrx_word' id='word_1_39' title='bbox 136 679 179 740; x_wconf 91' lang='lat' dir='ltr'><strong>qni</strong></span> <span class='ocrx_word' id='word_1_40' title='bbox 197 676 328 742; x_wconf 70' lang='lat' dir='ltr'><strong>inSpuiam</strong></span> <span class='ocrx_word' id='word_1_41' title='bbox 346 678 495 741; x_wconf 75' lang='lat' dir='ltr'><strong>irruperant,</strong></span> <span class='ocrx_word' id='word_1_42' title='bbox 513 677 585 727; x_wconf 83' lang='lat' dir='ltr'><strong>victis</strong></span> <span class='ocrx_word' id='word_1_43' title='bbox 603 676 756 740; x_wconf 90' lang='lat' dir='ltr'><strong>triumphum</strong></span> <span class='ocrx_word' id='word_1_44' title='bbox 774 677 835 741; x_wconf 89' lang='lat' dir='ltr'><strong>agit.</strong></span> <span class='ocrx_word' id='word_1_45' title='bbox 861 671 887 726; x_wconf 89' lang='grc'><strong>6.</strong></span> <span class='ocrx_word' id='word_1_46' title='bbox 907 673 976 723; x_wconf 85' lang='lat' dir='ltr'><strong>Sext.</strong></span> 
     </span>
     <span class='ocr_line' id='line_1_7' title="bbox 59 743 976 811; baseline -0.005 -15"><span class='ocrx_word' id='word_1_47' title='bbox 59 747 194 810; x_wconf 91' lang='lat' dir='ltr'><strong>Pompeius</strong></span> <span class='ocrx_word' id='word_1_48' title='bbox 217 755 290 810; x_wconf 87' lang='lat' dir='ltr'><strong>rupta</strong></span> <span class='ocrx_word' id='word_1_49' title='bbox 314 760 377 811; x_wconf 89' lang='lat' dir='ltr'><strong>pace</strong></span> <span class='ocrx_word' id='word_1_50' title='bbox 405 745 499 794; x_wconf 90' lang='lat' dir='ltr'><strong>bellum</strong></span> <span class='ocrx_word' id='word_1_51' title='bbox 526 747 649 795; x_wconf 90' lang='lat' dir='ltr'><strong>instaurat</strong></span> <span class='ocrx_word' id='word_1_52' title='bbox 673 754 698 794; x_wconf 92' lang='lat' dir='ltr'><strong>et</strong></span> <span class='ocrx_word' id='word_1_53' title='bbox 721 745 802 794; x_wconf 83' lang='lat' dir='ltr'><strong>rictus</strong></span> <span class='ocrx_word' id='word_1_54' title='bbox 824 743 976 797; x_wconf 85' lang='lat' dir='ltr'><strong>interficitur.</strong></span> 
     </span>
     <span class='ocr_line' id='line_1_8' title="bbox 60 812 977 880; baseline -0.004 -16"><span class='ocrx_word' id='word_1_55' title='bbox 60 815 185 864; x_wconf 88' lang='lat' dir='ltr'><strong>Antonius</strong></span> <span class='ocrx_word' id='word_1_56' title='bbox 204 812 375 879; x_wconf 80' lang='lat' dir='ltr'><strong>Cleopatram,</strong></span> <span class='ocrx_word' id='word_1_57' title='bbox 402 815 513 880; x_wconf 69' lang='lat' dir='ltr'><strong>Aegypti</strong></span> <span class='ocrx_word' id='word_1_58' title='bbox 530 815 659 878; x_wconf 84' lang='lat' dir='ltr'><strong>reginam,</strong></span> <span class='ocrx_word' id='word_1_59' title='bbox 684 814 710 862; x_wconf 92' lang='lat' dir='ltr'><strong>in</strong></span> <span class='ocrx_word' id='word_1_60' title='bbox 728 813 913 863; x_wconf 76' lang='lat' dir='ltr'><strong>matrimonium</strong></span> <span class='ocrx_word' id='word_1_61' title='bbox 931 814 977 861; x_wconf 91' lang='lat' dir='ltr'><strong>du-</strong></span> 
     </span>
     <span class='ocr_line' id='line_1_9' title="bbox 60 878 977 947; baseline -0.003 -15"><span class='ocrx_word' id='word_1_62' title='bbox 60 886 94 933; x_wconf 93' lang='lat' dir='ltr'><strong>clt</strong></span> <span class='ocrx_word' id='word_1_63' title='bbox 121 891 145 930; x_wconf 89' lang='lat' dir='ltr'><strong>et</strong></span> <span class='ocrx_word' id='word_1_64' title='bbox 167 897 260 933; x_wconf 82' lang='lat' dir='ltr'><strong>vanarn</strong></span> <span class='ocrx_word' id='word_1_65' title='bbox 281 885 307 932; x_wconf 94' lang='lat' dir='ltr'><strong>in</strong></span> <span class='ocrx_word' id='word_1_66' title='bbox 333 881 439 932; x_wconf 84' lang='lat' dir='ltr'><strong>Parthos</strong></span> <span class='ocrx_word' id='word_1_67' title='bbox 465 882 651 946; x_wconf 78' lang='lat' dir='ltr'><strong>expeditionem</strong></span> <span class='ocrx_word' id='word_1_68' title='bbox 677 884 789 947; x_wconf 79' lang='lat' dir='ltr'><strong>suscipit.</strong></span> <span class='ocrx_word' id='word_1_69' title='bbox 829 878 855 932; x_wconf 83' lang='grc'><strong>7.</strong></span> <span class='ocrx_word' id='word_1_70' title='bbox 877 880 977 930; x_wconf 89' lang='lat' dir='ltr'><strong>Bellum</strong></span> 
     </span>
     <span class='ocr_line' id='line_1_10' title="bbox 60 949 977 1016; baseline -0.003 -15"><span class='ocrx_word' id='word_1_71' title='bbox 60 953 125 1001; x_wconf 85' lang='lat' dir='ltr'><strong>luter</strong></span> <span class='ocrx_word' id='word_1_72' title='bbox 142 949 306 1001; x_wconf 77' lang='lat' dir='ltr'><strong>Octavianum</strong></span> <span class='ocrx_word' id='word_1_73' title='bbox 332 959 357 1000; x_wconf 89' lang='lat' dir='ltr'><strong>et</strong></span> <span class='ocrx_word' id='word_1_74' title='bbox 378 951 516 1000; x_wconf 86' lang='lat' dir='ltr'><strong>Antonium</strong></span> <span class='ocrx_word' id='word_1_75' title='bbox 540 959 564 1001; x_wconf 89' lang='lat' dir='ltr'><strong>et</strong></span> <span class='ocrx_word' id='word_1_76' title='bbox 590 949 666 999; x_wconf 90' lang='lat' dir='ltr'><strong>huius</strong></span> <span class='ocrx_word' id='word_1_77' title='bbox 691 960 749 1015; x_wconf 89' lang='lat' dir='ltr'><strong>post</strong></span> <span class='ocrx_word' id='word_1_78' title='bbox 775 965 889 1016; x_wconf 88' lang='lat' dir='ltr'><strong>pugnam</strong></span> <span class='ocrx_word' id='word_1_79' title='bbox 913 950 977 999; x_wconf 82' lang='lat' dir='ltr'><strong>inle-</strong></span> 
     </span>
     <span class='ocr_line' id='line_1_11' title="bbox 61 1018 976 1085; baseline -0.001 -16"><span class='ocrx_word' id='word_1_80' title='bbox 61 1019 134 1069; x_wconf 91' lang='lat' dir='ltr'><strong>licem</strong></span> <span class='ocrx_word' id='word_1_81' title='bbox 160 1019 229 1084; x_wconf 87' lang='lat' dir='ltr'><strong>apud</strong></span> <span class='ocrx_word' id='word_1_82' title='bbox 249 1020 351 1069; x_wconf 85' lang='lat' dir='ltr'><strong>Actium</strong></span> <span class='ocrx_word' id='word_1_83' title='bbox 375 1035 432 1068; x_wconf 90' lang='lat' dir='ltr'><strong>cum</strong></span> <span class='ocrx_word' id='word_1_84' title='bbox 456 1019 588 1084; x_wconf 80' lang='lat' dir='ltr'><strong>Cleopatra</strong></span> <span class='ocrx_word' id='word_1_85' title='bbox 612 1020 734 1072; x_wconf 86' lang='lat' dir='ltr'><strong>interitus.</strong></span> <span class='ocrx_word' id='word_1_86' title='bbox 771 1021 903 1085; x_wconf 81' lang='lat' dir='ltr'><strong>Aegyptus</strong></span> <span class='ocrx_word' id='word_1_87' title='bbox 926 1018 976 1068; x_wconf 84' lang='lat' dir='ltr'><strong>lic-</strong></span> 
     </span>
     <span class='ocr_line' id='line_1_12' title="bbox 61 1085 977 1154; baseline -0.001 -17"><span class='ocrx_word' id='word_1_88' title='bbox 61 1089 135 1137; x_wconf 86' lang='lat' dir='ltr'><strong>mano</strong></span> <span class='ocrx_word' id='word_1_89' title='bbox 160 1089 266 1152; x_wconf 83' lang='lat' dir='ltr'><strong>imperio</strong></span> <span class='ocrx_word' id='word_1_90' title='bbox 291 1088 416 1139; x_wconf 87' lang='lat' dir='ltr'><strong>adiicitur.</strong></span> <span class='ocrx_word' id='word_1_91' title='bbox 450 1085 477 1137; x_wconf 88' lang='lat'><strong>8.</strong></span> <span class='ocrx_word' id='word_1_92' title='bbox 501 1086 653 1138; x_wconf 87' lang='lat' dir='ltr'><strong>Octavianus</strong></span> <span class='ocrx_word' id='word_1_93' title='bbox 677 1087 787 1154; x_wconf 76' lang='lat' dir='ltr'><strong>Augusti</strong></span> <span class='ocrx_word' id='word_1_94' title='bbox 810 1089 911 1137; x_wconf 88' lang='lat' dir='ltr'><strong>nomine</strong></span> <span class='ocrx_word' id='word_1_95' title='bbox 936 1103 977 1136; x_wconf 75' lang='lat' dir='ltr'><strong>ne</strong></span> 
     </span>
     <span class='ocr_line' id='line_1_13' title="bbox 61 1156 977 1222; baseline -0.003 -15"><span class='ocrx_word' id='word_1_96' title='bbox 61 1164 134 1222; x_wconf 87' lang='lat' dir='ltr'><strong>cepto</strong></span> <span class='ocrx_word' id='word_1_97' title='bbox 153 1157 212 1205; x_wconf 91' lang='lat' dir='ltr'><strong>inde</strong></span> <span class='ocrx_word' id='word_1_98' title='bbox 238 1156 308 1207; x_wconf 88' lang='lat' dir='ltr'><strong>solus</strong></span> <span class='ocrx_word' id='word_1_99' title='bbox 334 1173 388 1207; x_wconf 85' lang='lat' dir='ltr'><strong>rem</strong></span> <span class='ocrx_word' id='word_1_100' title='bbox 412 1157 539 1221; x_wconf 90' lang='lat' dir='ltr'><strong>publicam</strong></span> <span class='ocrx_word' id='word_1_101' title='bbox 567 1156 662 1205; x_wconf 90' lang='lat' dir='ltr'><strong>obtinet</strong></span> <span class='ocrx_word' id='word_1_102' title='bbox 688 1166 713 1205; x_wconf 86' lang='lat' dir='ltr'><strong>et</strong></span> <span class='ocrx_word' id='word_1_103' title='bbox 739 1158 842 1222; x_wconf 88' lang='lat' dir='ltr'><strong>egregie</strong></span> <span class='ocrx_word' id='word_1_104' title='bbox 862 1156 977 1205; x_wconf 87' lang='lat' dir='ltr'><strong>modera-</strong></span> 
     </span>
     <span class='ocr_line' id='line_1_14' title="bbox 60 1221 977 1291; baseline -0.001 -17"><span class='ocrx_word' id='word_1_105' title='bbox 60 1234 109 1278; x_wconf 85' lang='lat' dir='ltr'><strong>tur.</strong></span> <span class='ocrx_word' id='word_1_106' title='bbox 141 1221 167 1274; x_wconf 83' lang='lat'><strong>9.</strong></span> <span class='ocrx_word' id='word_1_107' title='bbox 186 1223 229 1273; x_wconf 88' lang='grc'><strong>10.</strong></span> <span class='ocrx_word' id='word_1_108' title='bbox 247 1225 357 1291; x_wconf 75' lang='lat' dir='ltr'><strong>Augusti</strong></span> <span class='ocrx_word' id='word_1_109' title='bbox 372 1225 446 1285; x_wconf 85' lang='lat' dir='ltr'><strong>bella,</strong></span> <span class='ocrx_word' id='word_1_110' title='bbox 465 1225 594 1284; x_wconf 83' lang='lat' dir='ltr'><strong>victoriae,</strong></span> <span class='ocrx_word' id='word_1_111' title='bbox 613 1225 679 1284; x_wconf 85' lang='lat' dir='ltr'><strong>vita,</strong></span> <span class='ocrx_word' id='word_1_112' title='bbox 699 1240 790 1285; x_wconf 89' lang='lat' dir='ltr'><strong>mores,</strong></span> <span class='ocrx_word' id='word_1_113' title='bbox 810 1227 914 1288; x_wconf 89' lang='lat' dir='ltr'><strong>eiusque</strong></span> <span class='ocrx_word' id='word_1_114' title='bbox 932 1240 977 1274; x_wconf 91' lang='lat' dir='ltr'><strong>au-</strong></span> 
     </span>
     <span class='ocr_line' id='line_1_15' title="bbox 62 1292 976 1359; baseline 0 -17"><span class='ocrx_word' id='word_1_115' title='bbox 62 1301 100 1342; x_wconf 92' lang='lat' dir='ltr'><strong>cto</strong></span> <span class='ocrx_word' id='word_1_116' title='bbox 118 1292 233 1343; x_wconf 87' lang='lat' dir='ltr'><strong>Romano</strong></span> <span class='ocrx_word' id='word_1_117' title='bbox 251 1294 357 1358; x_wconf 88' lang='lat' dir='ltr'><strong>imperio</strong></span> <span class='ocrx_word' id='word_1_118' title='bbox 374 1294 466 1343; x_wconf 91' lang='lat' dir='ltr'><strong>obitus.</strong></span> <span class='ocrx_word' id='word_1_119' title='bbox 500 1292 542 1342; x_wconf 94' lang='lat' dir='ltr'><strong>ll.</strong></span> <span class='ocrx_word' id='word_1_120' title='bbox 560 1293 690 1352; x_wconf 67' lang='lat' dir='ltr'><strong>Tiberius,</strong></span> <span class='ocrx_word' id='word_1_121' title='bbox 709 1293 819 1359; x_wconf 78' lang='lat' dir='ltr'><strong>Augusti</strong></span> <span class='ocrx_word' id='word_1_122' title='bbox 837 1308 976 1352; x_wconf 87' lang='lat' dir='ltr'><strong>successor,</strong></span> 
     </span>
     <span class='ocr_line' id='line_1_16' title="bbox 60 1362 977 1428; baseline 0 -18"><span class='ocrx_word' id='word_1_123' title='bbox 60 1369 119 1426; x_wconf 88' lang='lat' dir='ltr'><strong>post</strong></span> <span class='ocrx_word' id='word_1_124' title='bbox 135 1362 213 1410; x_wconf 73' lang='lat' dir='ltr'><strong>vitem</strong></span> <span class='ocrx_word' id='word_1_125' title='bbox 229 1363 340 1425; x_wconf 83' lang='lat' dir='ltr'><strong>pessime</strong></span> <span class='ocrx_word' id='word_1_126' title='bbox 358 1369 440 1410; x_wconf 85' lang='lat' dir='ltr'><strong>actam</strong></span> <span class='ocrx_word' id='word_1_127' title='bbox 462 1377 519 1411; x_wconf 89' lang='lat' dir='ltr'><strong>oum</strong></span> <span class='ocrx_word' id='word_1_128' title='bbox 537 1377 635 1412; x_wconf 86' lang='lat' dir='ltr'><strong>summo</strong></span> <span class='ocrx_word' id='word_1_129' title='bbox 655 1362 766 1411; x_wconf 90' lang='lat' dir='ltr'><strong>omnium</strong></span> <span class='ocrx_word' id='word_1_130' title='bbox 784 1363 878 1428; x_wconf 87' lang='lat' dir='ltr'><strong>gaudio</strong></span> <span class='ocrx_word' id='word_1_131' title='bbox 902 1362 977 1410; x_wconf 87' lang='lat' dir='ltr'><strong>mori·</strong></span> 
     </span>
     <span class='ocr_line' id='line_1_17' title="bbox 61 1427 975 1495; baseline 0.001 -18"><span class='ocrx_word' id='word_1_132' title='bbox 61 1438 111 1478; x_wconf 75' lang='lat' dir='ltr'><strong>tua</strong></span> <span class='ocrx_word' id='word_1_133' title='bbox 149 1427 191 1479; x_wconf 78' lang='lat'><strong>12.</strong></span> <span class='ocrx_word' id='word_1_134' title='bbox 211 1427 334 1495; x_wconf 82' lang='lat' dir='ltr'><strong>Caligula,</strong></span> <span class='ocrx_word' id='word_1_135' title='bbox 353 1429 490 1480; x_wconf 89' lang='lat' dir='ltr'><strong>sceleratus</strong></span> <span class='ocrx_word' id='word_1_136' title='bbox 506 1431 634 1495; x_wconf 87' lang='lat' dir='ltr'><strong>princeps,</strong></span> <span class='ocrx_word' id='word_1_137' title='bbox 650 1430 717 1480; x_wconf 90' lang='lat' dir='ltr'><strong>hello</strong></span> <span class='ocrx_word' id='word_1_138' title='bbox 736 1440 823 1480; x_wconf 87' lang='lat' dir='ltr'><strong>contra</strong></span> <span class='ocrx_word' id='word_1_139' title='bbox 838 1429 975 1480; x_wconf 88' lang='lat' dir='ltr'><strong>Germanos</strong></span> 
     </span>
     <span class='ocr_line' id='line_1_18' title="bbox 61 1497 976 1563; baseline 0 -16"><span class='ocrx_word' id='word_1_140' title='bbox 61 1499 154 1561; x_wconf 81' lang='lat' dir='ltr'><strong>ignave</strong></span> <span class='ocrx_word' id='word_1_141' title='bbox 171 1504 244 1562; x_wconf 79' lang='lat' dir='ltr'><strong>gesto</strong></span> <span class='ocrx_word' id='word_1_142' title='bbox 262 1499 392 1551; x_wconf 84' lang='lat' dir='ltr'><strong>occiditur.</strong></span> <span class='ocrx_word' id='word_1_143' title='bbox 432 1497 473 1549; x_wconf 82' lang='lat'><strong>13.</strong></span> <span class='ocrx_word' id='word_1_144' title='bbox 492 1498 611 1548; x_wconf 86' lang='lat' dir='ltr'><strong>Claudius</strong></span> <span class='ocrx_word' id='word_1_145' title='bbox 628 1513 719 1563; x_wconf 83' lang='lat' dir='ltr'><strong>purum</strong></span> <span class='ocrx_word' id='word_1_146' title='bbox 735 1500 784 1548; x_wconf 90' lang='lat' dir='ltr'><strong>sibi</strong></span> <span class='ocrx_word' id='word_1_147' title='bbox 801 1500 827 1548; x_wconf 90' lang='lat' dir='ltr'><strong>in</strong></span> <span class='ocrx_word' id='word_1_148' title='bbox 843 1501 910 1550; x_wconf 86' lang='lat' dir='ltr'><strong>vitae</strong></span> <span class='ocrx_word' id='word_1_149' title='bbox 923 1515 976 1548; x_wconf 90' lang='lat' dir='ltr'><strong>mo-</strong></span> 
     </span>
     <span class='ocr_line' id='line_1_19' title="bbox 63 1564 975 1626; baseline 0 -11"><span class='ocrx_word' id='word_1_150' title='bbox 63 1566 191 1616; x_wconf 86' lang='lat' dir='ltr'><strong>deratione</strong></span> <span class='ocrx_word' id='word_1_151' title='bbox 209 1573 326 1616; x_wconf 82' lang='lat' dir='ltr'><strong>constans</strong></span> <span class='ocrx_word' id='word_1_152' title='bbox 343 1567 498 1617; x_wconf 81' lang='lat' dir='ltr'><strong>Britanniam</strong></span> <span class='ocrx_word' id='word_1_153' title='bbox 524 1568 641 1617; x_wconf 88' lang='lat' dir='ltr'><strong>devincit.</strong></span> <span class='ocrx_word' id='word_1_154' title='bbox 678 1564 720 1620; x_wconf 82' lang='lat'><strong>14.</strong></span> <span class='ocrx_word' id='word_1_155' title='bbox 742 1567 848 1617; x_wconf 85' lang='lat' dir='ltr'><strong>Neronis</strong></span> <span class='ocrx_word' id='word_1_156' title='bbox 867 1567 975 1626; x_wconf 84' lang='lat' dir='ltr'><strong>luxuria,</strong></span> 
     </span>
     <span class='ocr_line' id='line_1_20' title="bbox 61 1634 976 1700; baseline 0.001 -17"><span class='ocrx_word' id='word_1_157' title='bbox 61 1634 140 1684; x_wconf 90' lang='lat' dir='ltr'><strong>libido</strong></span> <span class='ocrx_word' id='word_1_158' title='bbox 160 1641 184 1683; x_wconf 90' lang='lat' dir='ltr'><strong>et</strong></span> <span class='ocrx_word' id='word_1_159' title='bbox 201 1635 335 1685; x_wconf 84' lang='lat' dir='ltr'><strong>crudelitas</strong></span> <span class='ocrx_word' id='word_1_160' title='bbox 353 1643 452 1700; x_wconf 86' lang='lat' dir='ltr'><strong>praeter</strong></span> <span class='ocrx_word' id='word_1_161' title='bbox 469 1636 520 1685; x_wconf 92' lang='lat' dir='ltr'><strong>alia</strong></span> <span class='ocrx_word' id='word_1_162' title='bbox 545 1637 649 1685; x_wconf 89' lang='lat' dir='ltr'><strong>crimina</strong></span> <span class='ocrx_word' id='word_1_163' title='bbox 666 1643 843 1686; x_wconf 86' lang='lat' dir='ltr'><strong>memorantur.</strong></span> <span class='ocrx_word' id='word_1_164' title='bbox 880 1636 976 1685; x_wconf 89' lang='lat' dir='ltr'><strong>Britan-</strong></span> 
     </span>
     <span class='ocr_line' id='line_1_21' title="bbox 62 1703 975 1769; baseline 0.003 -18"><span class='ocrx_word' id='word_1_165' title='bbox 62 1704 105 1752; x_wconf 88' lang='lat' dir='ltr'><strong>nia</strong></span> <span class='ocrx_word' id='word_1_166' title='bbox 121 1717 203 1767; x_wconf 85' lang='lat' dir='ltr'><strong>paene</strong></span> <span class='ocrx_word' id='word_1_167' title='bbox 220 1704 349 1763; x_wconf 87' lang='lat' dir='ltr'><strong>amittitur,</strong></span> <span class='ocrx_word' id='word_1_168' title='bbox 368 1704 488 1753; x_wconf 83' lang='lat' dir='ltr'><strong>Armenia</strong></span> <span class='ocrx_word' id='word_1_169' title='bbox 504 1703 630 1754; x_wconf 86' lang='lat' dir='ltr'><strong>aParthis</strong></span> <span class='ocrx_word' id='word_1_170' title='bbox 650 1706 760 1769; x_wconf 85' lang='lat' dir='ltr'><strong>eripitur,</strong></span> <span class='ocrx_word' id='word_1_171' title='bbox 780 1705 873 1754; x_wconf 88' lang='lat' dir='ltr'><strong>Pontus</strong></span> <span class='ocrx_word' id='word_1_172' title='bbox 890 1712 975 1754; x_wconf 88' lang='lat' dir='ltr'><strong>tamen</strong></span> 
     </span>
     <span class='ocr_line' id='line_1_22' title="bbox 61 1770 974 1838; baseline 0.002 -18"><span class='ocrx_word' id='word_1_173' title='bbox 61 1770 251 1821; x_wconf 73' lang='lat' dir='ltr'><strong>Polemoniacus</strong></span> <span class='ocrx_word' id='word_1_174' title='bbox 270 1779 295 1821; x_wconf 89' lang='lat' dir='ltr'><strong>et</strong></span> <span class='ocrx_word' id='word_1_175' title='bbox 306 1772 384 1837; x_wconf 86' lang='lat' dir='ltr'><strong>Alpes</strong></span> <span class='ocrx_word' id='word_1_176' title='bbox 403 1773 498 1823; x_wconf 80' lang='lat' dir='ltr'><strong>Cottiae</strong></span> <span class='ocrx_word' id='word_1_177' title='bbox 518 1772 632 1822; x_wconf 86' lang='lat' dir='ltr'><strong>Romano</strong></span> <span class='ocrx_word' id='word_1_178' title='bbox 651 1773 756 1838; x_wconf 85' lang='lat' dir='ltr'><strong>imperio</strong></span> <span class='ocrx_word' id='word_1_179' title='bbox 772 1773 902 1823; x_wconf 89' lang='lat' dir='ltr'><strong>accedunt.</strong></span> <span class='ocrx_word' id='word_1_180' title='bbox 932 1771 974 1822; x_wconf 84' lang='lat'><strong>15.</strong></span> 
     </span>
     <span class='ocr_line' id='line_1_23' title="bbox 62 1838 975 1906; baseline 0.002 -18"><span class='ocrx_word' id='word_1_181' title='bbox 62 1838 128 1889; x_wconf 90' lang='lat' dir='ltr'><strong>Nero</strong></span> <span class='ocrx_word' id='word_1_182' title='bbox 154 1841 270 1890; x_wconf 89' lang='lat' dir='ltr'><strong>omnibus</strong></span> <span class='ocrx_word' id='word_1_183' title='bbox 289 1842 451 1890; x_wconf 88' lang='lat' dir='ltr'><strong>exsecrabilis</strong></span> <span class='ocrx_word' id='word_1_184' title='bbox 470 1841 602 1904; x_wconf 88' lang='lat' dir='ltr'><strong>hostisque</strong></span> <span class='ocrx_word' id='word_1_185' title='bbox 627 1856 643 1889; x_wconf 87' lang='lat' dir='ltr'><strong>a</strong></span> <span class='ocrx_word' id='word_1_186' title='bbox 661 1851 750 1891; x_wconf 90' lang='lat' dir='ltr'><strong>senatu</strong></span> <span class='ocrx_word' id='word_1_187' title='bbox 771 1843 897 1892; x_wconf 90' lang='lat' dir='ltr'><strong>iudicatus</strong></span> <span class='ocrx_word' id='word_1_188' title='bbox 920 1844 975 1906; x_wconf 90' lang='lat' dir='ltr'><strong>ipse</strong></span> 
     </span>
     <span class='ocr_line' id='line_1_24' title="bbox 62 1907 975 1975; baseline 0.004 -19"><span class='ocrx_word' id='word_1_189' title='bbox 62 1923 91 1956; x_wconf 90' lang='lat' dir='ltr'><strong>se</strong></span> <span class='ocrx_word' id='word_1_190' title='bbox 107 1909 231 1958; x_wconf 84' lang='lat' dir='ltr'><strong>interficit.</strong></span> <span class='ocrx_word' id='word_1_191' title='bbox 268 1907 310 1960; x_wconf 89' lang='grc'><strong>16.</strong></span> <span class='ocrx_word' id='word_1_192' title='bbox 330 1908 409 1959; x_wconf 81' lang='lat' dir='ltr'>Galba</span> <span class='ocrx_word' id='word_1_193' title='bbox 425 1925 503 1958; x_wconf 83' lang='lat' dir='ltr'><strong>senex</strong></span> <span class='ocrx_word' id='word_1_194' title='bbox 520 1917 578 1973; x_wconf 88' lang='lat' dir='ltr'><strong>post</strong></span> <span class='ocrx_word' id='word_1_195' title='bbox 596 1909 677 1958; x_wconf 87' lang='lat' dir='ltr'><strong>breve&#39;</strong></span> <span class='ocrx_word' id='word_1_196' title='bbox 693 1911 826 1975; x_wconf 87' lang='lat' dir='ltr'><strong>imperium</strong></span> <span class='ocrx_word' id='word_1_197' title='bbox 845 1911 975 1960; x_wconf 88' lang='lat' dir='ltr'><strong>occiditur.</strong></span> 
     </span>
     <span class='ocr_line' id='line_1_25' title="bbox 63 1972 976 2043; baseline 0.002 -18"><span class='ocrx_word' id='word_1_198' title='bbox 63 1972 106 2026; x_wconf 43' lang='lat'><strong>171.</strong></span> <span class='ocrx_word' id='word_1_199' title='bbox 124 1974 258 2027; x_wconf 83' lang='lat' dir='ltr'><strong>Othonum</strong></span> <span class='ocrx_word' id='word_1_200' title='bbox 271 1977 407 2035; x_wconf 87' lang='lat' dir='ltr'><strong>aVitellio,</strong></span> <span class='ocrx_word' id='word_1_201' title='bbox 424 1978 523 2042; x_wconf 87' lang='lat' dir='ltr'><strong>imperii</strong></span> <span class='ocrx_word' id='word_1_202' title='bbox 542 1977 650 2036; x_wconf 89' lang='lat' dir='ltr'><strong>aemulo,</strong></span> <span class='ocrx_word' id='word_1_203' title='bbox 669 1987 809 2043; x_wconf 85' lang='lat' dir='ltr'><strong>urgeretur,</strong></span> <span class='ocrx_word' id='word_1_204' title='bbox 828 1979 862 2029; x_wconf 85' lang='lat' dir='ltr'><strong>ad</strong></span> <span class='ocrx_word' id='word_1_205' title='bbox 880 1981 976 2029; x_wconf 79' lang='lat' dir='ltr'><strong>evitan-</strong></span> 
     </span>
     <span class='ocr_line' id='line_1_26' title="bbox 64 2044 976 2098; baseline 0.001 -5"><span class='ocrx_word' id='word_1_206' title='bbox 64 2045 120 2093; x_wconf 86' lang='lat' dir='ltr'><strong>dam</strong></span> <span class='ocrx_word' id='word_1_207' title='bbox 131 2044 191 2094; x_wconf 89' lang='lat' dir='ltr'><strong>belli</strong></span> <span class='ocrx_word' id='word_1_208' title='bbox 207 2045 288 2094; x_wconf 84' lang='lat' dir='ltr'><strong>civilis</strong></span> <span class='ocrx_word' id='word_1_209' title='bbox 306 2045 472 2094; x_wconf 85' lang='lat' dir='ltr'><strong>calamitatem</strong></span> <span class='ocrx_word' id='word_1_210' title='bbox 491 2045 631 2094; x_wconf 87' lang='lat' dir='ltr'><strong>voluntaria</strong></span> <span class='ocrx_word' id='word_1_211' title='bbox 649 2054 728 2096; x_wconf 89' lang='lat' dir='ltr'><strong>morte</strong></span> <span class='ocrx_word' id='word_1_212' title='bbox 746 2048 807 2098; x_wconf 88' lang='lat' dir='ltr'><strong>obit.</strong></span> <span class='ocrx_word' id='word_1_213' title='bbox 821 2070 823 2074; x_wconf 55' lang='lat'>&gt;</span> <span class='ocrx_word' id='word_1_214' title='bbox 835 2045 876 2098; x_wconf 81' lang='lat'><strong>18.</strong></span> <span class='ocrx_word' id='word_1_215' title='bbox 896 2046 976 2096; x_wconf 88' lang='lat' dir='ltr'><strong>Vitel-</strong></span> 
     </span>
     <span class='ocr_line' id='line_1_27' title="bbox 62 2111 975 2180; baseline 0.003 -20"><span class='ocrx_word' id='word_1_216' title='bbox 62 2111 120 2171; x_wconf 85' lang='lat' dir='ltr'><strong>lius,</strong></span> <span class='ocrx_word' id='word_1_217' title='bbox 136 2111 241 2161; x_wconf 89' lang='lat' dir='ltr'><strong>Neronis</strong></span> <span class='ocrx_word' id='word_1_218' title='bbox 257 2113 380 2173; x_wconf 86' lang='lat' dir='ltr'><strong>imitator,</strong></span> <span class='ocrx_word' id='word_1_219' title='bbox 409 2113 520 2178; x_wconf 81' lang='lat' dir='ltr'><strong>ingluvie</strong></span> <span class='ocrx_word' id='word_1_220' title='bbox 536 2114 645 2180; x_wconf 79' lang='lat' dir='ltr'><strong>maxime</strong></span> <span class='ocrx_word' id='word_1_221' title='bbox 662 2114 789 2173; x_wconf 90' lang='lat' dir='ltr'><strong>notabilis,</strong></span> <span class='ocrx_word' id='word_1_222' title='bbox 808 2114 975 2179; x_wconf 82' lang='lat' dir='ltr'><strong>ignominiose</strong></span> 
     </span>
     <span class='ocr_line' id='line_1_28' title="bbox 62 2175 976 2246; baseline 0.003 -18"><span class='ocrx_word' id='word_1_223' title='bbox 62 2181 136 2244; x_wconf 83' lang='lat' dir='ltr'><strong>perit.</strong></span> <span class='ocrx_word' id='word_1_224' title='bbox 174 2175 215 2232; x_wconf 87' lang='lat'><strong>19.</strong></span> <span class='ocrx_word' id='word_1_225' title='bbox 228 2179 271 2232; x_wconf 77' lang='lat'><strong>20.</strong></span> <span class='ocrx_word' id='word_1_226' title='bbox 291 2181 443 2246; x_wconf 79' lang='lat' dir='ltr'><strong>Vespasiani</strong></span> <span class='ocrx_word' id='word_1_227' title='bbox 461 2181 565 2229; x_wconf 85' lang='lat' dir='ltr'><strong>virtutes</strong></span> <span class='ocrx_word' id='word_1_228' title='bbox 584 2189 608 2228; x_wconf 90' lang='lat' dir='ltr'><strong>et</strong></span> <span class='ocrx_word' id='word_1_229' title='bbox 621 2196 662 2230; x_wconf 90' lang='lat' dir='ltr'><strong>res</strong></span> <span class='ocrx_word' id='word_1_230' title='bbox 679 2182 705 2229; x_wconf 89' lang='lat' dir='ltr'><strong>in</strong></span> <span class='ocrx_word' id='word_1_231' title='bbox 722 2182 794 2230; x_wconf 80' lang='lat' dir='ltr'><strong>bohis</strong></span> <span class='ocrx_word' id='word_1_232' title='bbox 807 2187 904 2246; x_wconf 84' lang='lat' dir='ltr'><strong>gestae,</strong></span> <span class='ocrx_word' id='word_1_233' title='bbox 921 2183 976 2245; x_wconf 91' lang='lat' dir='ltr'><strong>qui-</strong></span> 
     </span>
     <span class='ocr_line' id='line_1_29' title="bbox 62 2246 975 2315; baseline 0.003 -19"><span class='ocrx_word' id='word_1_234' title='bbox 62 2249 110 2296; x_wconf 88' lang='lat' dir='ltr'><strong>bus</strong></span> <span class='ocrx_word' id='word_1_235' title='bbox 128 2246 365 2314; x_wconf 48' lang='lat' dir='ltr'><strong>Romanosimperio</strong></span> <span class='ocrx_word' id='word_1_236' title='bbox 383 2257 543 2299; x_wconf 87' lang='lat' dir='ltr'><strong>accesserunt</strong></span> <span class='ocrx_word' id='word_1_237' title='bbox 560 2248 640 2297; x_wconf 92' lang='lat' dir='ltr'><strong>Vecta</strong></span> <span class='ocrx_word' id='word_1_238' title='bbox 665 2249 750 2299; x_wconf 91' lang='lat' dir='ltr'><strong>insula</strong></span> <span class='ocrx_word' id='word_1_239' title='bbox 768 2249 899 2312; x_wconf 87' lang='lat' dir='ltr'><strong>laetaeque</strong></span> <span class='ocrx_word' id='word_1_240' title='bbox 917 2266 975 2315; x_wconf 85' lang='lat' dir='ltr'><strong>pro-</strong></span> 
     </span>
     <span class='ocr_line' id='line_1_30' title="bbox 62 2315 975 2383; baseline 0.004 -19"><span class='ocrx_word' id='word_1_241' title='bbox 62 2316 159 2365; x_wconf 83' lang='lat' dir='ltr'><strong>vinciae</strong></span> <span class='ocrx_word' id='word_1_242' title='bbox 173 2316 279 2377; x_wconf 83' lang='lat' dir='ltr'><strong>Achaia,</strong></span> <span class='ocrx_word' id='word_1_243' title='bbox 297 2318 382 2383; x_wconf 73' lang='lat' dir='ltr'><strong>Lycia,</strong></span> <span class='ocrx_word' id='word_1_244' title='bbox 402 2317 516 2375; x_wconf 91' lang='lat' dir='ltr'><strong>Rhodus,</strong></span> <span class='ocrx_word' id='word_1_245' title='bbox 533 2315 632 2377; x_wconf 87' lang='lat' dir='ltr'><strong>Samus,</strong></span> <span class='ocrx_word' id='word_1_246' title='bbox 651 2316 766 2378; x_wconf 68' lang='lat' dir='ltr'><strong>Uruncis,</strong></span> <span class='ocrx_word' id='word_1_247' title='bbox 786 2317 882 2377; x_wconf 86' lang='lat' dir='ltr'><strong>Cilicia,</strong></span> <span class='ocrx_word' id='word_1_248' title='bbox 903 2319 975 2368; x_wconf 89' lang='lat' dir='ltr'><strong>Com-</strong></span> 
     </span>
     <span class='ocr_line' id='line_1_31' title="bbox 62 2384 973 2451; baseline 0.01 -19"><span class='ocrx_word' id='word_1_249' title='bbox 62 2399 177 2449; x_wconf 85' lang='lat' dir='ltr'><strong>magene.</strong></span> <span class='ocrx_word' id='word_1_250' title='bbox 210 2385 253 2435; x_wconf 78' lang='lat'><strong>21.</strong></span> <span class='ocrx_word' id='word_1_251' title='bbox 265 2384 308 2440; x_wconf 67' lang='lat'><strong>22.</strong></span> <span class='ocrx_word' id='word_1_252' title='bbox 327 2386 384 2445; x_wconf 87' lang='lat' dir='ltr'><strong>Titi,</strong></span> <span class='ocrx_word' id='word_1_253' title='bbox 402 2386 523 2451; x_wconf 89' lang='lat' dir='ltr'><strong>principis</strong></span> <span class='ocrx_word' id='word_1_254' title='bbox 539 2387 635 2450; x_wconf 90' lang='lat' dir='ltr'><strong>optimi,</strong></span> <span class='ocrx_word' id='word_1_255' title='bbox 648 2385 814 2436; x_wconf 82' lang='lat' dir='ltr'><strong>laetissimum</strong></span> <span class='ocrx_word' id='word_1_256' title='bbox 832 2389 973 2451; x_wconf 86' lang='lat' dir='ltr'><strong>imperium.</strong></span> 
     </span>
     <span class='ocr_line' id='line_1_32' title="bbox 61 2450 974 2516; baseline 0.003 -13"><span class='ocrx_word' id='word_1_257' title='bbox 61 2450 104 2503; x_wconf 76' lang='lat'><strong>23.</strong></span> <span class='ocrx_word' id='word_1_258' title='bbox 125 2452 291 2514; x_wconf 86' lang='lat' dir='ltr'><strong>Domitianus,</strong></span> <span class='ocrx_word' id='word_1_259' title='bbox 310 2454 416 2505; x_wconf 84' lang='lat' dir='ltr'><strong>dirersis</strong></span> <span class='ocrx_word' id='word_1_260' title='bbox 427 2456 538 2505; x_wconf 88' lang='lat' dir='ltr'><strong>moribus</strong></span> <span class='ocrx_word' id='word_1_261' title='bbox 555 2455 655 2512; x_wconf 79' lang='lat' dir='ltr'><strong>foedus,</strong></span> <span class='ocrx_word' id='word_1_262' title='bbox 673 2463 760 2504; x_wconf 85' lang='lat' dir='ltr'><strong>contra</strong></span> <span class='ocrx_word' id='word_1_263' title='bbox 770 2455 906 2516; x_wconf 79' lang='lat' dir='ltr'><strong>Samnatas,</strong></span> <span class='ocrx_word' id='word_1_264' title='bbox 918 2455 974 2506; x_wconf 88' lang='lat' dir='ltr'><strong>Cat-</strong></span> 
     </span>
     <span class='ocr_line' id='line_1_33' title="bbox 61 2521 974 2589; baseline 0.004 -18"><span class='ocrx_word' id='word_1_265' title='bbox 61 2530 100 2571; x_wconf 93' lang='lat' dir='ltr'><strong>tos</strong></span> <span class='ocrx_word' id='word_1_266' title='bbox 118 2529 143 2570; x_wconf 83' lang='lat' dir='ltr'><strong>st</strong></span> <span class='ocrx_word' id='word_1_267' title='bbox 160 2521 241 2572; x_wconf 90' lang='lat' dir='ltr'><strong>Dacos</strong></span> <span class='ocrx_word' id='word_1_268' title='bbox 260 2524 327 2573; x_wconf 91' lang='lat' dir='ltr'><strong>bella</strong></span> <span class='ocrx_word' id='word_1_269' title='bbox 345 2525 409 2589; x_wconf 85' lang='lat' dir='ltr'><strong>gerit</strong></span> <span class='ocrx_word' id='word_1_270' title='bbox 432 2533 456 2573; x_wconf 91' lang='lat' dir='ltr'><strong>et</strong></span> <span class='ocrx_word' id='word_1_271' title='bbox 472 2522 613 2587; x_wconf 89' lang='lat' dir='ltr'><strong>triumphos</strong></span> <span class='ocrx_word' id='word_1_272' title='bbox 632 2525 716 2573; x_wconf 90' lang='lat' dir='ltr'><strong>multis</strong></span> <span class='ocrx_word' id='word_1_273' title='bbox 734 2525 917 2575; x_wconf 79' lang='lat' dir='ltr'><strong>calamitatibus</strong></span> <span class='ocrx_word' id='word_1_274' title='bbox 935 2541 974 2575; x_wconf 91' lang='lat' dir='ltr'><strong>re-</strong></span> 
     </span>
    </p>
   </div>
   <div class='ocr_carea' id='block_1_3' title="bbox 61 2591 974 2709">
    <p class='ocr_par' dir='ltr' id='par_1_3' title="bbox 61 2591 974 2709">
     <span class='ocr_line' id='line_1_34' title="bbox 61 2591 974 2707; baseline 0.005 -69"><span class='ocrx_word' id='word_1_275' title='bbox 61 2591 176 2707; x_wconf 49' lang='grc' dir='ltr'><strong>ρειηέὶῐοε</strong></span> <span class='ocrx_word' id='word_1_276' title='bbox 194 2594 254 2656; x_wconf 81' lang='lat' dir='ltr'><strong>agit.</strong></span> <span class='ocrx_word' id='word_1_277' title='bbox 292 2591 354 2641; x_wconf 86' lang='lat' dir='ltr'><strong>Cum</strong></span> <span class='ocrx_word' id='word_1_278' title='bbox 371 2592 467 2642; x_wconf 80' lang='lat' dir='ltr'><strong>Romae</strong></span> <span class='ocrx_word' id='word_1_279' title='bbox 486 2592 564 2640; x_wconf 89' lang='lat' dir='ltr'><strong>multa</strong></span> <span class='ocrx_word' id='word_1_280' title='bbox 582 2606 659 2655; x_wconf 87' lang='lat' dir='ltr'><strong>opera</strong></span> <span class='ocrx_word' id='word_1_281' title='bbox 682 2592 800 2652; x_wconf 86' lang='lat' dir='ltr'><strong>lecisset,</strong></span> <span class='ocrx_word' id='word_1_282' title='bbox 830 2596 861 2643; x_wconf 93' lang='lat' dir='ltr'><strong>oh</strong></span> <span class='ocrx_word' id='word_1_283' title='bbox 880 2594 974 2644; x_wconf 82' lang='lat' dir='ltr'><strong>scelera</strong></span> 
     </span>
     <span class='ocr_line' id='line_1_35' title="bbox 62 2661 213 2709; baseline 0.02 -3"><span class='ocrx_word' id='word_1_284' title='bbox 62 2667 112 2707; x_wconf 89' lang='lat' dir='ltr'><strong>mtc</strong></span> <span class='ocrx_word' id='word_1_285' title='bbox 143 2661 213 2709; x_wconf 90' lang='lat' dir='ltr'><strong>citur.</strong></span> 
     </span>
    </p>
   </div>
   <div class='ocr_carea' id='block_1_4' title="bbox 60 2741 1037 3490">
    <p class='ocr_par' dir='ltr' id='par_1_4' title="bbox 60 2741 1037 3490">
     <span class='ocr_line' id='line_1_36' title="bbox 124 2741 973 2823; baseline 0 -21"><span class='ocrx_word' id='word_1_286' title='bbox 124 2745 208 2803; x_wconf 77' lang='lat' dir='ltr'><strong>(ina.</strong></span> <span class='ocrx_word' id='word_1_287' title='bbox 220 2741 243 2803; x_wconf 94' lang='lat' dir='ltr'><strong>l.</strong></span> <span class='ocrx_word' id='word_1_288' title='bbox 270 2742 352 2803; x_wconf 88' lang='lat' dir='ltr'><strong>Anno</strong></span> <span class='ocrx_word' id='word_1_289' title='bbox 364 2744 447 2804; x_wconf 82' lang='lat' dir='ltr'><strong>Urbis</strong></span> <span class='ocrx_word' id='word_1_290' title='bbox 460 2747 712 2823; x_wconf 84' lang='lat' dir='ltr'><strong>septingentesimo</strong></span> <span class='ocrx_word' id='word_1_291' title='bbox 729 2745 791 2804; x_wconf 86' lang='lat' dir='ltr'><strong>iere</strong></span> <span class='ocrx_word' id='word_1_292' title='bbox 803 2763 836 2803; x_wconf 85' lang='lat' dir='ltr'><strong>ac</strong></span> <span class='ocrx_word' id='word_1_293' title='bbox 846 2761 920 2803; x_wconf 89' lang='lat' dir='ltr'><strong>nono</strong></span> <span class='ocrx_word' id='word_1_294' title='bbox 933 2746 973 2803; x_wconf 93' lang='lat' dir='ltr'><strong>in·</strong></span> 
     </span>
     <span class='ocr_line' id='line_1_37' title="bbox 60 2825 1032 2906; baseline 0.001 -21"><span class='ocrx_word' id='word_1_295' title='bbox 60 2828 183 2886; x_wconf 85' lang='lat' dir='ltr'><strong>terlecto</strong></span> <span class='ocrx_word' id='word_1_296' title='bbox 196 2825 320 2886; x_wconf 86' lang='lat' dir='ltr'><strong>Caesare</strong></span> <span class='ocrx_word' id='word_1_297' title='bbox 333 2826 408 2887; x_wconf 88' lang='lat' dir='ltr'><strong>bella</strong></span> <span class='ocrx_word' id='word_1_298' title='bbox 421 2829 513 2888; x_wconf 84' lang='lat' dir='ltr'><strong>civilia</strong></span> <span class='ocrx_word' id='word_1_299' title='bbox 523 2830 651 2906; x_wconf 80' lang='lat' dir='ltr'><strong>reparata</strong></span> <span class='ocrx_word' id='word_1_300' title='bbox 660 2837 732 2888; x_wconf 88' lang='lat' dir='ltr'><strong>sunt.</strong></span> <span class='ocrx_word' id='word_1_301' title='bbox 753 2827 973 2887; x_wconf 86' lang='lat' dir='ltr'><strong>Percussorihus</strong></span> <span class='ocrx_word' id='word_1_302' title='bbox 985 2828 1032 2871; x_wconf 62' lang='lat' dir='ltr'><strong>Ml</strong></span> 
     </span>
     <span class='ocr_line' id='line_1_38' title="bbox 63 2897 1030 2989; baseline 0.002 -21"><span class='ocrx_word' id='word_1_303' title='bbox 63 2912 135 2969; x_wconf 88' lang='lat' dir='ltr'><strong>enim</strong></span> <span class='ocrx_word' id='word_1_304' title='bbox 153 2908 282 2969; x_wconf 86' lang='lat' dir='ltr'><strong>Caesaris</strong></span> <span class='ocrx_word' id='word_1_305' title='bbox 300 2921 413 2970; x_wconf 88' lang='lat' dir='ltr'><strong>senatus</strong></span> <span class='ocrx_word' id='word_1_306' title='bbox 434 2912 556 2972; x_wconf 79' lang='lat' dir='ltr'><strong>favebat.</strong></span> <span class='ocrx_word' id='word_1_307' title='bbox 588 2913 727 2971; x_wconf 86' lang='lat' dir='ltr'><strong>Antonius</strong></span> <span class='ocrx_word' id='word_1_308' title='bbox 743 2911 841 2971; x_wconf 89' lang='lat' dir='ltr'><strong>consul</strong></span> <span class='ocrx_word' id='word_1_309' title='bbox 855 2914 973 2989; x_wconf 86' lang='lat' dir='ltr'><strong>partium</strong></span> <span class='ocrx_word' id='word_1_310' title='bbox 984 2897 1030 2937; x_wconf 77' lang='lat'><strong>⁷⁰⁸·</strong></span> 
     </span>
     <span class='ocr_line' id='line_1_39' title="bbox 62 2991 972 3074; baseline 0.001 -22"><span class='ocrx_word' id='word_1_311' title='bbox 62 2991 194 3052; x_wconf 85' lang='lat' dir='ltr'><strong>Caesaris</strong></span> <span class='ocrx_word' id='word_1_312' title='bbox 214 2993 343 3052; x_wconf 81' lang='lat' dir='ltr'><strong>civilibus</strong></span> <span class='ocrx_word' id='word_1_313' title='bbox 361 2994 445 3054; x_wconf 89' lang='lat' dir='ltr'><strong>hellis</strong></span> <span class='ocrx_word' id='word_1_314' title='bbox 458 2998 620 3074; x_wconf 85' lang='lat' dir='ltr'><strong>opprimere</strong></span> <span class='ocrx_word' id='word_1_315' title='bbox 634 3014 685 3055; x_wconf 89' lang='lat' dir='ltr'><strong>cos</strong></span> <span class='ocrx_word' id='word_1_316' title='bbox 698 2996 859 3054; x_wconf 85' lang='lat' dir='ltr'><strong>conabatur.</strong></span> <span class='ocrx_word' id='word_1_317' title='bbox 893 2994 972 3072; x_wconf 82' lang='lat' dir='ltr'><strong>Ergo</strong></span> 
     </span>
     <span class='ocr_line' id='line_1_40' title="bbox 61 3076 1037 3155; baseline 0.002 -20"><span class='ocrx_word' id='word_1_318' title='bbox 61 3078 217 3135; x_wconf 84' lang='lat' dir='ltr'><strong>turbatura</strong></span> <span class='ocrx_word' id='word_1_319' title='bbox 234 3076 347 3155; x_wconf 87' lang='lat' dir='ltr'><strong>publica</strong></span> <span class='ocrx_word' id='word_1_320' title='bbox 366 3078 450 3138; x_wconf 87' lang='lat' dir='ltr'><strong>multa</strong></span> <span class='ocrx_word' id='word_1_321' title='bbox 467 3080 606 3139; x_wconf 86' lang='lat' dir='ltr'><strong>Antonius</strong></span> <span class='ocrx_word' id='word_1_322' title='bbox 623 3078 733 3139; x_wconf 90' lang='lat' dir='ltr'><strong>scelera</strong></span> <span class='ocrx_word' id='word_1_323' title='bbox 758 3079 935 3154; x_wconf 86' lang='lat' dir='ltr'><strong>committens</strong></span> <span class='ocrx_word' id='word_1_324' title='bbox 957 3097 972 3137; x_wconf 87' lang='lat' dir='ltr'><strong>a</strong></span> <span class='ocrx_word' id='word_1_325' title='bbox 982 3103 1037 3144; x_wconf 58' lang='lat' dir='ltr'><strong>au.</strong></span> 
     </span>
     <span class='ocr_line' id='line_1_41' title="bbox 61 3160 1027 3241; baseline 0.002 -23"><span class='ocrx_word' id='word_1_326' title='bbox 61 3168 159 3219; x_wconf 84' lang='lat' dir='ltr'><strong>senatu</strong></span> <span class='ocrx_word' id='word_1_327' title='bbox 175 3160 265 3220; x_wconf 86' lang='lat' dir='ltr'><strong>hostis</strong></span> <span class='ocrx_word' id='word_1_328' title='bbox 285 3161 422 3221; x_wconf 85' lang='lat' dir='ltr'><strong>iudicatus</strong></span> <span class='ocrx_word' id='word_1_329' title='bbox 441 3172 494 3222; x_wconf 83' lang='lat' dir='ltr'><strong>est.</strong></span> <span class='ocrx_word' id='word_1_330' title='bbox 525 3162 604 3222; x_wconf 84' lang='lat' dir='ltr'><strong>Missi</strong></span> <span class='ocrx_word' id='word_1_331' title='bbox 617 3163 651 3222; x_wconf 82' lang='lat' dir='ltr'><strong>ad</strong></span> <span class='ocrx_word' id='word_1_332' title='bbox 668 3182 731 3222; x_wconf 92' lang='lat' dir='ltr'><strong>eum</strong></span> <span class='ocrx_word' id='word_1_333' title='bbox 743 3161 972 3241; x_wconf 84' lang='lat' dir='ltr'><strong>persequendum</strong></span> <span class='ocrx_word' id='word_1_334' title='bbox 984 3169 1027 3211; x_wconf 80' lang='lat'>⁷⁰⁹·</span> 
     </span>
     <span class='ocr_line' id='line_1_42' title="bbox 62 3244 970 3323; baseline 0.002 -22"><span class='ocrx_word' id='word_1_335' title='bbox 62 3244 117 3302; x_wconf 89' lang='lat' dir='ltr'><strong>duo</strong></span> <span class='ocrx_word' id='word_1_336' title='bbox 131 3244 273 3320; x_wconf 85' lang='lat' dir='ltr'><strong>consules,</strong></span> <span class='ocrx_word' id='word_1_337' title='bbox 290 3244 378 3304; x_wconf 87' lang='lat' dir='ltr'><strong>Pansa</strong></span> <span class='ocrx_word' id='word_1_338' title='bbox 390 3256 417 3304; x_wconf 84' lang='lat' dir='ltr'><strong>et</strong></span> <span class='ocrx_word' id='word_1_339' title='bbox 433 3246 549 3323; x_wconf 86' lang='lat' dir='ltr'><strong>Hirtius,</strong></span> <span class='ocrx_word' id='word_1_340' title='bbox 565 3257 593 3305; x_wconf 83' lang='lat' dir='ltr'><strong>ct</strong></span> <span class='ocrx_word' id='word_1_341' title='bbox 608 3247 777 3306; x_wconf 84' lang='lat' dir='ltr'><strong>Octavianus</strong></span> <span class='ocrx_word' id='word_1_342' title='bbox 789 3246 970 3320; x_wconf 83' lang='lat' dir='ltr'><strong>adolescens,</strong></span> 
     </span>
     <span class='ocr_line' id='line_1_43' title="bbox 61 3328 971 3408; baseline 0 -23"><span class='ocrx_word' id='word_1_343' title='bbox 61 3345 148 3386; x_wconf 85' lang='lat' dir='ltr'><strong>annos</strong></span> <span class='ocrx_word' id='word_1_344' title='bbox 163 3349 181 3386; x_wconf 82' lang='lat' dir='ltr'><strong>x</strong></span> <span class='ocrx_word' id='word_1_345' title='bbox 193 3338 221 3388; x_wconf 88' lang='lat' dir='ltr'><strong>et</strong></span> <span class='ocrx_word' id='word_1_346' title='bbox 231 3348 285 3389; x_wconf 84' lang='lat' dir='ltr'><strong>vnn</strong></span> <span class='ocrx_word' id='word_1_347' title='bbox 297 3338 387 3405; x_wconf 75' lang='lat' dir='ltr'><strong>natus,</strong></span> <span class='ocrx_word' id='word_1_348' title='bbox 402 3328 639 3407; x_wconf 85' lang='lat' dir='ltr'><strong>Caesarisnepos,</strong></span> <span class='ocrx_word' id='word_1_349' title='bbox 650 3349 732 3408; x_wconf 90' lang='lat' dir='ltr'><strong>quem</strong></span> <span class='ocrx_word' id='word_1_350' title='bbox 744 3330 792 3389; x_wconf 92' lang='lat' dir='ltr'><strong>ille</strong></span> <span class='ocrx_word' id='word_1_351' title='bbox 804 3336 971 3389; x_wconf 81' lang='lat' dir='ltr'><strong>testamento</strong></span> 
     </span>
     <span class='ocr_line' id='line_1_44' title="bbox 61 3410 971 3490; baseline 0.003 -22"><span class='ocrx_word' id='word_1_352' title='bbox 61 3410 196 3470; x_wconf 88' lang='lat' dir='ltr'><strong>heredem</strong></span> <span class='ocrx_word' id='word_1_353' title='bbox 211 3411 365 3490; x_wconf 83' lang='lat' dir='ltr'><strong>reliquerat</strong></span> <span class='ocrx_word' id='word_1_354' title='bbox 383 3423 412 3472; x_wconf 86' lang='lat' dir='ltr'><strong>ct</strong></span> <span class='ocrx_word' id='word_1_355' title='bbox 432 3431 534 3473; x_wconf 90' lang='lat' dir='ltr'><strong>nomen</strong></span> <span class='ocrx_word' id='word_1_356' title='bbox 555 3433 636 3472; x_wconf 92' lang='lat' dir='ltr'><strong>snum</strong></span> <span class='ocrx_word' id='word_1_357' title='bbox 655 3414 730 3472; x_wconf 88' lang='lat' dir='ltr'><strong>ferre</strong></span> <span class='ocrx_word' id='word_1_358' title='bbox 753 3415 884 3472; x_wconf 83' lang='lat' dir='ltr'><strong>iusserat.</strong></span> <span class='ocrx_word' id='word_1_359' title='bbox 919 3411 971 3471; x_wconf 90' lang='lat' dir='ltr'><strong>llic</strong></span> 
     </span>
    </p>
   </div>
   <div class='ocr_carea' id='block_1_5' title="bbox 0 0 1140 3832">
    <p class='ocr_par' dir='ltr' id='par_1_5' title="bbox 0 0 1140 3832">
     <span class='ocr_line' id='line_1_45' title="bbox 0 0 1140 3832; baseline 0 0"><span class='ocrx_word' id='word_1_360' title='bbox 0 0 1140 3832; x_wconf 95' lang='lat' dir='ltr'><strong> </strong></span> 
     </span>
    </p>
   </div>
  </div>
 </body>
</html>
