2266 3832
104 197 146 263 48
466 209 751 260 raomsrrrour.

106 385 181 449 gam
199 362 311 427 eadem
328 361 430 447 quies.
455 362 528 448 quis
548 370 692 447 speraret
707 368 780 446 post
799 358 1039 445 Carthaginem
1057 362 1110 427 ali·

79 447 195 535 2quod
211 448 246 510 in
259 445 375 508 Africa
390 444 536 508 bellum?
613 447 671 508 uin
683 465 750 508 non
765 443 882 508 leviter
900 463 939 507 se
956 442 1110 511 Numidia

105 531 276 610 concussit,
301 536 333 591 et
355 527 418 591 fuit
435 529 470 592 in
486 527 602 612 Iugurt
662 527 749 613 quod
764 534 839 612 post
851 526 1057 591 Annibalem
1072 529 1109 593 ti·

104 622 255 677 meretur.
287 613 405 696 quippe
420 633 481 674 rex
501 611 728 675 callidissimus
751 608 905 696 populum
922 609 1108 676 Romanum

105 698 203 761 armis
231 696 388 758 invictum
414 694 530 779 opibus
548 694 721 778 adgressus
743 701 809 775 est3
837 701 887 756 set
915 694 1003 757 citra
1023 709 1127 779 spent

106 781 247 845 omniurn
257 777 389 841 fortuna
405 778 511 858 cessit,
528 786 565 842 ut
581 799 642 841 rex
657 777 772 843 fraude
787 777 985 861 praecipuus
996 776 1111 843 fraude

77 867 285 947 3caperctur.
308 860 370 941 hic,
387 860 580 924 Massinissa
590 882 662 942 avo,
676 860 814 957 Micipsa
830 867 922 944 patre
940 880 1004 944 per
1014 860 1111 946 adop

104 948 234 1024 tionem,
256 965 328 1007 cum
342 942 523 1007 interficere
540 944 657 1007 fratres
675 950 840 1007 statursset
854 943 999 1026 agitatus
1018 944 1110 1029 regni

104 1027 290 1113 cupiditate,
307 1047 368 1089 nec
390 1025 463 1089 illos
485 1027 589 1111 magis
612 1047 708 1111 quam
725 1033 873 1090 senatum
887 1025 1109 1113 populumque

105 1112 295 1189 Romanum,
315 1130 451 1208 quorum
468 1110 503 1173 in
518 1110 584 1173 fide
604 1118 636 1172 et
653 1111 688 1173 in
705 1107 855 1171 clientela
871 1128 1013 1191 regnum
1031 1118 1128 1191 erat,¹

77 1201 271 1274 metueret,
289 1215 428 1277 prrmum
444 1190 549 1255 scelus
561 1191 693 1254 mandat
704 1190 842 1254 insidiis.
862 1191 988 1275 potitus
998 1190 1109 1267 Hiem-

127 1277 204 1341 salis
222 1278 326 1360 capite
349 1296 422 1339 cum
439 1295 473 1337 se
491 1275 526 1338 in
542 1273 763 1338 Adherbalem
783 1274 1001 1338 convertisset
1018 1276 1109 1361 isque

103 1300 241 1426 lionam
263 1358 475 1443 profugisset,
497 1359 597 1421 missa
620 1379 680 1442 per
702 1357 827 1440 legatos
846 1357 989 1442 pecunia
1009 1359 1110 1423 'traxit

78 1446 140 1516 sin
157 1444 349 1508 sententiam
365 1463 456 1505 suam
473 1449 630 1504 senatum.
655 1449 686 1504 et
703 1440 783 1504 haec
802 1440 870 1503 eius
886 1439 950 1503 fuit
962 1440 1006 1505 de
1015 1440 1109 1507 nobis

102 1528 207 1612 prima
224 1525 370 1588 victoria.
400 1525 515 1588 missos
534 1523 660 1605 deinde,
705 1525 740 1587 ui
760 1544 796 1586 re
819 1544 897 1586 num
913 1522 1132 1589 interibunt

101 1606 385 1692 Adherbalemque
404 1606 595 1688 dividerent,
616 1608 644 1670 si
679 1608 686 1622 '
704 1608 764 1669 ‘ter
780 1545 966 1690 adgressus,
984 1626 1062 1673 cum
1078 1608 1110 1673 in

103 1690 224 1755 Scauro
246 1692 334 1774 ipsos
357 1689 495 1754 Romani
524 1691 651 1775 imperii
672 1710 778 1754 mores
800 1699 1040 1775 expugnasset,
1063 1692 1108 1755 in·

104 1774 254 1837 choatum
281 1771 373 1835 nefas
400 1772 538 1858 perfecit
565 1773 711 1837 audacia.
746 1771 805 1837 sed
830 1793 898 1838 non
925 1771 985 1837 diu
1007 1772 1108 1839 latent

76 1856 239 1920 oscelera.
281 1866 449 1940 corruptae
471 1856 564 1919 nefas
585 1855 757 1940 legationis
778 1878 836 1921 eru
858 1857 898 1938 it,
943 1855 1034 1921 lacui
1068 1878 1107 1920 ue

78 1940 256 2025 rpersequi
277 1939 364 2003 bello
384 1939 588 2025 parricidam.
618 1941 741 2038 primus
765 1941 800 2003 in
821 1876 1011 2003 llumidinm
1063 1939 1094 2003 al
1114 1944 1130 1985 ²⁴

103 2025 238 2109 purnius
257 2023 368 2087 Bestia
386 2023 499 2088 consul
516 2024 703 2104 inmitt1tur3
722 2023 780 2087 sed
790 2044 859 2104 rex,
878 2031 1034 2108 expertus
1046 2023 1107 2088 for·

103 2110 166 2171 tius
179 2107 334 2171 adversus
345 2108 507 2172 Romanos
525 2128 639 2170 aurum
656 2127 727 2169 esse
745 2128 841 2192 quam
850 2105 984 2187 ferrum,
995 2127 1108 2192 pacem

76 2193 192 2255 8emit.
220 2193 309 2255 cuius
326 2190 443 2275 flagitii
460 2212 535 2254 reus
553 2211 626 2253 cum
644 2190 880 2254 interveniente
895 2187 1030 2287 publica
1043 2189 1107 2254 fide

103 2296 125 2371 sp
144 2283 258 2337 senatu
279 2283 506 2353 arcesseretur,
529 2275 601 2357 pari
622 2273 758 2337 audacia
779 2281 811 2337 et
831 2281 921 2337 vemt
942 2280 976 2335 et
993 2293 1107 2359 conpe-

102 2365 231 2419 trtorem
252 2358 380 2440 imperii
397 2357 607 2425 Massinissae
625 2357 802 2420 Massivam
823 2357 958 2419 inmisso
999 2376 1106 2420 arcus·
1128 2373 1133 2381 ⁴

72 2458 176 2508 osore
193 2438 343 2502 confecit.
367 2438 448 2501 haec
465 2438 567 2502 altera
585 2449 697 2503 contra
708 2461 818 2537 regem
836 2437 987 2503 causabe
1015 2439 1107 2503 'fuit

107 2522 207 2604 igitur
228 2543 365 2606 sequens
388 2521 469 2585 ultio
492 2523 664 2586 mandatur
686 2523 818 2587 Albrno.
852 2530 901 2586 set
916 2521 1014 2586 huius
1032 2542 1108 2609 quc·

107 2625 169 2688 que
185 2642 228 2652 —
248 2624 306 2688 pro
329 2604 484 2668 dedecus!
502 2642 546 2655 --
566 2606 668 2670 frater
688 2608 734 2669 ita
756 2627 849 2670 eorru
872 2606 897 2668 it
919 2607 1107 2685 exereitum,

106 2695 142 2749 ut
158 2686 341 2750 voluntaria
362 2696 545 2752 nostrorum
561 2689 641 2773 fuga
661 2691 806 2754 vinceret
854 2688 965 2753 umida
979 2690 1108 2753 castris·

107 2791 168 2853 que
190 2779 369 2867 poteretur,
397 2771 508 2836 addito
532 2774 629 2836 etiam
650 2773 738 2858 turpi
758 2772 891 2836 foedere
909 2773 945 2835 in
964 2774 1130 2856 pretium

60 2851 225 2933 10salut1s,
248 2874 311 2938 quo
334 2875 413 2939 quos
438 2863 559 2919 emerat
581 2856 702 2921 dimisit
724 2857 895 2919 exercitus.
924 2854 1060 2919 tandem
1073 2857 1108 2919 in

99 2932 257 2999 ultionem
274 2957 340 3000 non
363 2946 430 3001 tam
452 2940 580 3023 imperii
603 2940 742 3004 Romani
766 2960 863 3024 quam
882 2937 1018 3023 pudoris
1040 2938 1108 3002 Me-

99 3015 196 3080 tellus
212 3019 368 3104 adsurgit,
393 3024 448 3104 qui
470 3022 678 3087 callidissime
700 3023 826 3089 hostem
846 3042 933 3086 nune
954 3020 1106 3107 precibus

100 3122 186 3164 nunc
203 3103 308 3182 minis,
331 3105 396 3165 iam
415 3105 565 3170 simulata
581 3108 646 3170 iam
665 3128 744 3170 vera
758 3106 837 3190 fuga
854 3104 1040 3170 eludentem
1056 3126 1106 3169 ar·

59 3184 189 3248 rltibus
210 3187 276 3248 suis
302 3185 477 3270 adgressus
499 3198 557 3253 est.
589 3212 740 3274 agrorum
765 3198 861 3288 atque
881 3190 1029 3252 vicorum
1048 3196 1133 3273 po·3

98 3267 262 3352 pulatione
283 3290 343 3332 nec
360 3279 528 3335 contentus
550 3275 585 3336 in
602 3275 672 3358 ipsa
690 3272 863 3337 Numidiae
880 3273 987 3356 capita
1004 3273 1105 3356 impe-

97 3358 168 3413 tum
191 3352 284 3436 fecit3
308 3360 340 3416 et
361 3353 497 3417 Zamam
519 3356 648 3441 quidem
669 3356 792 3420 frustra
812 3355 929 3435 adivit,
959 3363 1104 3419 ceterum

97 3431 236 3499 ‘Phialam
275 3458 405 3501 pravum
433 3439 528 3490 armis
549 3438 797 3490 tbnnsourismre
819 3439 934 3506 regiis,
957 3437 1102 3523 diripuit.
