2266 3832
67 211 87 273 θ
270 244 273 249 ·
436 214 532 267 huon
552 216 698 269 menn
800 256 803 265 .

67 372 181 455 Italia,
205 370 413 463 Timavupin
426 368 581 469 illyrico·
597 367 782 455 ,Rhodanus
802 368 838 432 in
851 366 985 453 ¹Gallim
1005 368 1070 433 Ibo-

28 480 125 531 urus
153 464 186 521 et
205 454 318 518 Baetis
347 454 382 517 in
403 452 451 543 S¹
495 453 507 469 '
533 474 542 535 3
567 414 725 537 Magrada
745 452 781 514 in
802 450 977 535 Numidia,
1006 452 1071 517 'l'ri-

67 552 125 608 ton
148 542 184 607 in
199 536 367 621 Gaetulia,
389 476 484 602 Ndus
503 537 540 600 in
555 536 725 621 Aegypto,
743 532 857 619 Tigris
871 544 915 599 et
930 532 1072 625 Euphra

68 636 120 695 tes
143 626 179 688 in
200 618 351 704 Parthia,
371 620 508 687 Rhenus
531 618 775 683 in-Germania.
944 632 948 641 “

29 729 61 778 12
156 705 365 772 Clarissimae
390 703 518 769 insulae
539 704 574 766 iu
595 703 679 767 mari
696 710 809 767 nostro
830 702 1003 769 undecim:
1031 700 1092 769 sis

69 791 154 875 eilia,
172 788 333 870 Sardinia,
346 787 453 869 Crete,
467 786 604 875 Cypros,
617 784 914 869 suessanorum,
929 784 1074 869 Rhodos,

70 875 154 941 duae
175 873 348 953 Baleares,
370 871 520 954 Ebusus,
544 864 695 952 Corsica,
720 867 842 935 (ladas.
887 870 930 935 Iu
947 868 1076 935 Oceano

69 959 114 1023 ad
135 959 292 1055 orientem
304 955 355 1020 Ta
376 955 513 1037 robane,
530 952 579 1018 ad
600 954 802 1054 occidentem
812 952 1017 1037 Brittannia,
1038 954 1077 1019 ad

29 1049 346 1197 ..saturus
363 1036 1105 1208 traauazuetrauur.

70 1209 136 1290 los,
160 1209 303 1321 Gyaros,
330 1207 366 1271 M
390 1228 503 1290 conos,
531 1206 677 1286 Andros,
699 1205 817 1287 Paros,
837 1204 996 1287 Olearos,
1018 1205 1077 1271 Te

30 1311 148 1376 lenos,
177 1292 339 1378 Cythnos,
401 1290 468 1355 clos
474 1339 483 1373 ,
513 1289 644 1372 Naxos,
665 1289 812 1354 Donusa.
856 1289 997 1359 Praeter
1020 1288 1077 1353 has

72 1375 234 1463 Sporades
248 1374 517 1457 innumerabilem
539 1382 683 1437 ceterum
696 1372 928 1438 celeberrimae
938 1374 1076 1461 Aegina,

32 1459 253 1542 resalamina,
287 1459 387 1540 Coos,
418 1458 534 1541 Chios,
566 1456 723 1541 Lemnos,
754 1456 991 1522 Samothracia.
1040 1456 1079 1521 Iu

70 1543 164 1608 Ionio
200 1543 402 1622 Echinades,
442 1540 662 1640 Strophades,
696 1540 808 1605 Ithace
815 1590 824 1623 ,
865 1540 1106 1627 Cephalania,s

70 1627 268 1712 Zacynthos.
312 1625 352 1689 In
374 1625 567 1690 Hadriatico
589 1624 728 1689 Cratcac
755 1626 887 1689 circiter
911 1624 1018 1709 mille,
1044 1626 1079 1689 in

71 1709 181 1777 Siculo
208 1710 344 1774 Aeoliae
374 1718 462 1791 octo,
491 1710 526 1772 in
552 1708 681 1774 Gallico
710 1708 908 1774 Stoechades
933 1718 1018 1793 tres,
1045 1712 1079 1775 in

72 1793 223 1880 Syrtibus
246 1793 385 1860 Cercina
407 1803 440 1858 et
460 1792 598 1857 Meninx
621 1802 653 1857 et
674 1792 788 1858 Girba.

277 1928 355 1994 VII.
399 1929 463 1994 Du
484 1931 666 1997 MARIVM
683 1930 869 1995 AMBITV.

47 2063 60 2112 1
157 2047 249 2113 Mare
271 2071 334 2136 quo
356 2050 516 2134 cingimur
538 2050 727 2113 universum
749 2057 885 2113 vocatur
899 2047 1109 2113 Oceanuma

71 2132 144 2197 Hoc
158 2142 310 2220 quattuor
329 2156 365 2198 re
390 2134 519 2199 ionibus
541 2134 697 2232 inrumpit
717 2135 752 2196 in
769 2143 891 2196 terras:
915 2154 935 2194 a
951 2142 1080 2218 septen·

69 2218 176 2281 trione
198 2227 333 2283 vocatur
383 2220 527 2304 aspium,
555 2217 598 2282 ab
620 2226 744 2283 oriente
765 2215 949 2297 Persicum,
973 2238 994 2279 a
1014 2236 1080 2279 me·

70 2301 154 2365 ridie
187 2302 380 2385 Arabicum,
419 2303 507 2367 idem
541 2301 675 2366 rubrum
714 2310 746 2364 et
779 2298 1000 2385 erythraeum,
1039 2298 1081 2363 ad

72 2405 224 2449 occasum
245 2408 400 2469 magnum
420 2407 526 2468 mare,
546 2384 634 2448 idem
648 2385 864 2466 Atlanticum,
907 2382 975 2447 uod
995 2404 1080 2447 com-

47 2468 203 2534 amerciis
230 2471 328 2532 totius
350 2470 479 2552 generis
501 2468 634 2533 humani
654 2470 832 2554 peragitur.
910 2488 950 2531 oc
977 2466 1112 2531 intrata

71 2553 106 2613 in
132 2550 253 2614 fretum
278 2552 477 2616 Gaditanum
504 2553 589 2617 inter
617 2553 697 2616 duos
723 2560 848 2616 montes
880 2550 1080 2615 clarissimos

71 2633 215 2718 Abylam
243 2642 275 2698 et
296 2634 422 2721 Calpen
448 2636 491 2701 ob
518 2636 685 2722 impositas
712 2635 865 2699 Herculis
892 2633 1081 2723 columnas,

73 2718 149 2782 dein
169 2715 328 2783 latissime
347 2719 495 2785 simulet
514 2719 703 2806 longissime
725 2720 835 2784 fusum
854 2718 999 2783 medium
1015 2730 1080 2783 ter·

47 2818 63 2861 a
73 2823 182 2865 rarum
199 2802 311 2866 orbem
327 2804 465 2868 inrmdat
484 2815 516 2871 et
533 2806 664 2869 nomina
684 2803 840 2890 adquirit:
863 2802 1080 2883 Balearicum,

74 2886 160 2972 quod
182 2884 378 2972 Hispaniam
397 2886 519 2971 adluit,
548 2888 725 2970 Gallicum,
749 2887 837 2975 quod
858 2886 983 2951 Gallias
1006 2896 1114 2953 tan-so

97 2971 137 3052 't3
157 2970 372 3055 Ligusticum,
395 2973 483 3058 quod
503 2972 681 3058 Liguribus
702 2972 901 3036 infunditur·
924 2968 1080 3051 Tuscum,

101 3053 294 3140 yrrhcnum,
323 3055 409 3120 idem
429 3054 584 3139 inferum,
615 3058 702 3143 quod
726 3058 877 3122 dextrum
894 3019 1014 3119 ltaliae
1033 3054 1081 3117 la-

71 3146 124 3202 tus
150 3140 280 3221 circuit,
309 3139 552 3224 Hadriaticum,
580 3140 668 3206 idem
689 3162 856 3227 superum,
887 3138 975 3226 quod
1002 3138 1081 3201 sini-

49 3231 177 3287 astrum
197 3222 312 3289 Italiae
339 3224 424 3288 latus
451 3228 581 3309 circuit3
614 3224 773 3307 Siculum,
802 3225 837 3287 in
861 3244 925 3309 quo
948 3220 1080 3303 Sicilia,

74 3304 251 3389 Creticum,
272 3310 384 3401 inquo
396 3310 504 3373 insula
517 3321 567 3375 est
582 3310 693 3392 Creta,
713 3310 843 3373 Ionium
855 3317 887 3371 et
897 3306 1076 3390 Aegaeum,
1087 3320 1113 3361 ³⁵

74 3411 158 3487 quae
178 3393 336 3459 Achaiam
360 3393 407 3481 [id
427 3403 478 3459 est
497 3392 769 3494 Peloponnesum]
793 3394 839 3456 ita
859 3389 1021 3473 ambiunt,
1042 3398 1080 3453 ut

72 3477 445 3545 mtervenientelsttmc
467 3477 729 3546 paeneinsulae*
762 3476 889 3539 *sciar*
911 3474 1080 3562 Myrtoum
