2266 3832
144 194 185 258 68
490 197 709 255 sornorll

144 365 209 423 thos
220 363 501 441 pronciscensoarus
508 364 535 422 in
547 361 673 439 Illyrico,
687 358 785 435 Gallia,
798 357 878 419 Italia
889 360 1063 440 reliquerat,

145 448 274 507 omnibus
287 464 319 504 se
331 446 488 506 sceleribus
500 447 662 524 inquinavit.
688 443 825 503 Plurimos
837 445 975 504 innoxios
989 447 1064 506 lictis

143 532 304 590 criminibus
316 531 430 590 occidit.
465 528 639 589 Matrimonia
656 526 761 588 nobilia
773 529 909 605 corrupit.
936 527 1063 591 Condis-

143 614 244 692 cipalis
257 631 386 693 quoque,
411 616 537 693 quicum
558 616 584 671 in
599 611 737 672 auditorio
749 611 796 669 vel
813 610 869 669 levi
887 612 1063 690 fatigatione

142 706 313 775 taxaverant,
327 700 506 775 perniciosus
525 697 584 756 luit.
610 695 653 755 Ob
666 713 739 773 quae
751 695 879 754 omnibus
893 695 1062 757 hominibus

143 784 249 839 invisus
261 798 316 841 uon
328 782 414 840 multo
426 790 491 859 post
503 798 609 858 poenas
622 779 707 838 dedit.
735 776 845 858 (Xlll.)
857 777 928 838 Nam
942 779 982 839 de
994 779 1061 840 Per·

143 864 204 922 side
215 869 307 923 victor
318 867 460 923 exercitus
476 864 605 939 rediens,
629 880 692 922 oum
708 860 809 922 Garum
824 860 989 940 Augustum
1006 864 1061 924 lul·

144 950 226 1020 mirre,
240 947 438 1007 Numerianum
449 947 599 1008 Caesarem
612 946 720 1005 insidiis
732 944 915 1023 perdidisset,
936 946 1060 1007 Diocle·

144 1034 246 1089 tianum
264 1033 463 1108 imperatorem
481 1033 603 1106 creavit,
626 1029 762 1090 Dalmatia
780 1028 941 1106 oriundum,
966 1033 1060 1090 vimm

144 1116 345 1173 obscurissime
356 1125 464 1192 natum,
487 1114 558 1174 adeo
570 1124 598 1172 ut
613 1133 629 1173 a
645 1113 791 1191 plerisque
804 1113 916 1174 scribae
928 1112 1025 1192 lilius,
1042 1132 1059 1175 a

142 1197 281 1258 nonnullis
293 1198 404 1258 Anulini
420 1201 558 1258 senatoris
574 1197 720 1264 libertinus
731 1197 822 1256 luisse
834 1195 977 1257 credatur.

207 1282 366 1344 (inridit.
388 1281 416 1342 ls
430 1285 517 1359 prima
533 1281 648 1341 militum
661 1283 800 1344 concione
813 1281 924 1357 iuravit,
947 1280 1056 1343 Nume-

143 1368 247 1426 rianum
272 1367 348 1427 nullo
373 1384 424 1425 suo
449 1366 514 1425 dolo
535 1365 728 1441 interiectum,
756 1373 785 1424 et
807 1382 870 1424 cum
889 1365 968 1426 iuxta
993 1385 1057 1427 eum

142 1449 237 1528 Aper,
267 1454 314 1527 qui
337 1450 506 1510 Numeriano
526 1449 641 1508 insidias
664 1449 789 1524 iecerat,
806 1449 1002 1527 constitisset,
1029 1452 1057 1511 in

143 1544 300 1610 conspectu
316 1535 457 1593 exercitus
475 1551 556 1592 manu
567 1532 737 1592 Diocletiani
750 1548 904 1609 percussus
917 1542 973 1593 est
1002 1533 1056 1594 l’o·

92 1638 118 1681 r
143 1626 201 1676 stea
215 1614 344 1675 Carinum
357 1619 477 1676 omnium
489 1616 554 1677 odio
572 1625 602 1675 et
613 1616 800 1676 detestatione
816 1618 960 1677 viventem
980 1617 1057 1697 apud

76 1705 130 1748 CN·
82 1699 268 1815 28⁵lilargum
282 1702 388 1778 ingenti
401 1700 512 1778 proelio
529 1702 613 1775 vicit,
637 1699 778 1777 proditum
796 1701 830 1760 ab
848 1702 976 1761 exercitu
989 1719 1054 1779 suo,

82 1775 226 1862 ²⁸⁵·quem
238 1784 523 1860 fortiorembabebat,
536 1793 615 1843 certe
624 1784 776 1858 desertum,
790 1784 1056 1846 interliminaeium

142 1877 226 1945 atquc
244 1868 365 1927 Aureum
386 1876 519 1930 montem
553 1865 594 1927 lta
613 1886 706 1927 rerum
725 1868 910 1928 Romanamm
933 1873 1054 1947 potitus,

143 1969 206 2011 oum
217 1950 362 2011 tumultum
374 1953 535 2011 rusticani'
527 1971 555 2011 ιιι
568 1949 656 2010 (lallia
677 1954 867 2011 concitassent
887 1961 916 2011 et
937 1953 1055 2014 factioni

143 2054 211 2095 suae
223 2036 412 2096 Bacaudarum
426 2052 528 2096 nomen
544 2038 736 2114 imponerent,
757 2035 844 2095 duces
861 2044 955 2096 autem
966 2037 1055 2098 babe-

89 2145 114 2188 r>
143 2129 204 2179 rent
218 2119 372 2180 Amandum
385 2129 413 2179 et
424 2119 581 2196 Aelianum,
605 2120 640 2180 ad
655 2119 829 2218 subigendos
846 2136 898 2179 eos
908 2118 1055 2182 Maximia-

74 2212 128 2321 GN
142 2224 206 2263 num
217 2204 379 2264 Herculium
391 2203 541 2264 Gaesarem
555 2205 629 2263 misit
631 2222 704 2281 ,qur
697 2203 829 2263 levibus
841 2203 959 2281 proeliis
971 2222 1055 2284 agre·

81 2281 201 2347 ²⁸⁵·stes
215 2289 321 2346 domuit
333 2298 361 2346 ct
371 2306 470 2364 pacem
482 2287 590 2347 Galliae
601 2287 775 2350 reformavit

204 2373 289 2429 Gar.
311 2370 386 2430 XXI.
413 2369 466 2429 Per
484 2372 554 2430 haec
571 2380 699 2449 tempora
714 2374 796 2431 etiam
808 2371 976 2450 carausius,
1006 2376 1056 2454 qui

139 2455 276 2513 vilissime
298 2463 377 2512 natus
401 2464 533 2513 strenuae
547 2454 661 2513 militiae
672 2454 770 2518 ordine
788 2455 888 2517 lamam
906 2459 1056 2535 egregiam

139 2538 230 2595 luerat
242 2546 423 2612 consecutus,
440 2555 502 2596 cum
513 2536 588 2616 apud
599 2537 753 2598 Bononiam
764 2556 816 2617 per
825 2549 943 2601 tractum
956 2539 1056 2620 belgi·

141 2639 191 2679 cae
205 2630 232 2678 et
247 2619 411 2679 Armoricae
421 2620 577 2697 pacandum
588 2640 665 2682 mare
678 2625 850 2702 accepisset,
863 2623 940 2704 quod
951 2622 1056 2686 Franci

141 2713 169 2762 et
185 2705 312 2762 Saxones
329 2703 512 2782 infestabant,
537 2705 631 2765 multis
643 2706 769 2766 barbaris
785 2725 875 2786 saepe
896 2708 986 2786 captis
998 2704 1066 2770 nec'

139 2787 263 2884 praeda
256 2796 364 2863 integra
378 2796 425 2847 ant
443 2789 664 2887 provincialibus
681 2789 789 2851 reddita
810 2800 857 2852 aut
876 2794 1057 2871 imperatori·

138 2873 191 2930 bus
202 2873 287 2928 missa
300 2889 362 2930 cum
374 2874 501 2948 suspicio
515 2892 581 2932 esse
594 2875 751 2951 coepisset,
765 2875 895 2936 consulto
907 2875 943 2936 ab
956 2893 993 2936 eo
1005 2877 1056 2936 ad·

82 2956 207 3060 Pmitti
220 2955 364 3030 barbaros,
381 2964 411 3014 ut
423 2964 601 3016 transeuntes
614 2975 677 3015 cum
689 2959 794 3035 praeda
808 2961 955 3039 exciperet
965 2968 1057 3039 atque

71 3089 127 3131 CN
82 3021 192 3097 p'bac
204 3055 237 3096 se
248 3040 401 3098 occasione
416 3039 526 3114 ditaret,
539 3039 749 3101 alilaxinriano
741 3061 835 3102 iussus
846 3042 1056 3122 occidipurpu·

73 3157 125 3200 Μ
139 3140 197 3181 ram
209 3123 329 3200 sumpsit
340 3131 369 3182 et
379 3122 535 3182 Britannias
551 3127 711 3202 occupavit

205 3207 291 3266 Car.
303 3204 394 3266 XXII.
408 3205 515 3286 (xlv)
539 3206 580 3266 lta
593 3226 656 3266 cum
669 3225 843 3286 peromnem
854 3211 952 3270 orbem
963 3218 1054 3273 terra·

83 3325 88 3337 ,
138 3309 198 3348 rum
209 3309 255 3349 res
266 3290 393 3350 turbatae
406 3298 513 3365 essent,
527 3289 699 3351 Garausrus
689 3311 718 3352 ιιι
729 3291 876 3353 Britannus
887 3292 1056 3373 rebellaret

137 3374 282 3433 Achilleus
290 3374 470 3454 rnAegppto,
478 3375 601 3434 Alrrcam
609 3374 865 3455 Quinquegentiani
875 3378 1057 3454 infestarent

887 3666 968 3796 h
