2266 3832
98 202 142 268 72
462 212 745 263 unonrnrrroru.

97 378 249 469 praetore
271 388 291 431 a
314 366 397 453 Syro
423 365 550 431 reditur
576 366 621 431 ad
647 364 795 431 Cilicem.
822 366 973 431 Athenio
1000 376 1107 452 pastor

98 452 270 517 interfecto
299 450 429 515 domino
458 448 616 514 familiam
641 448 807 533 ergastulo
835 448 1014 514 liberatam
1051 450 1107 514 sub

54 538 203 622 rosignis
221 534 362 602 ordinat.
381 534 453 620 ipse
469 542 562 597 reste
577 551 742 619 purpurea
758 541 983 621 argenteoque
993 532 1106 598 baculo

100 628 133 685 et
159 620 286 703 regium
319 618 354 680 in
383 638 506 681 morem
534 617 642 681 fronte
673 616 827 681 redimita
853 636 922 681 non
949 618 1106 683 minorem

99 724 197 789 quam
217 699 274 765 ille
297 700 459 765 fanaticus
479 701 569 785 prior
590 698 744 765 conflavit
764 701 965 783 exercitum,
987 702 1127 765 acrinus

98 807 162 871 que
183 784 302 865 multo,
325 785 418 871 quasi
440 792 472 848 et
497 784 590 847 illum
611 783 809 866 vindicaret,
837 784 948 883 vicos,
978 784 1104 871 oppida

97 867 234 932 castella
266 868 439 952 diripiens,
469 868 504 932 in
525 867 689 949 dominos,
713 888 910 954 quamquam
935 888 973 931 m
994 888 1104 933 servos

55 974 69 1024 1
76 951 250 1025 [infestius
272 950 366 1037 quasi
387 952 422 1015 in
448 950 652 1051 transfugas,
674 949 852 1015 saeviebat.
875 949 1005 1017 abhoc
1031 972 1104 1039 qno

94 1056 161 1182 pue
172 1032 329 1120 praetorii
345 1036 509 1099 exercitus
526 1034 608 1116 fnsr,
631 1042 726 1119 capta
737 1032 858 1098 Servili
869 1042 994 1115 caetra,
1014 1043 1105 1181 capte

124 1117 236 1183 uculli.
260 1117 320 1182 sed
341 1117 436 1183 Titus
458 1118 611 1203 Aquilius
633 1116 819 1203 Perpernae
839 1138 920 1181 usus
943 1138 1062 1203 exemp
1074 1131 1128 1199 ο,10

93 1200 308 1266 interclusum
328 1200 455 1266 hostem
479 1201 710 1266 commeatibus
732 1201 775 1266 ad
796 1208 945 1265 extrema
961 1201 1104 1287 conpulit

95 1286 376 1371 comminutasque
397 1286 508 1383 copias
529 1283 616 1348 fame
643 1285 742 1348 armis
768 1283 866 1348 facile
887 1284 1031 1367 delevit3
1053 1285 1103 1349 de

95 1369 321 1455 didissentque
343 1390 392 1448 se,
421 1369 486 1432 nisi
515 1367 747 1454 suppliciorum
767 1376 857 1431 metu
884 1367 1104 1433 voluntariam

52 1462 232 1518 ramortem
251 1452 492 1551 praetulissent.
515 1471 554 1515 ac
580 1471 622 1514 ne
648 1450 796 1515 deduce
822 1450 956 1537 quidem
980 1450 1103 1537 suppli-

94 1537 181 1599 cium
208 1535 297 1618 ex1gi
318 1536 438 1619 potuit,
469 1535 617 1619 quamvis
640 1535 739 1599 virus
761 1534 797 1597 in
824 1552 942 1599 manus
963 1536 1102 1599 venerit.
1116 1560 1133 1602 ¹⁴

94 1619 215 1703 quippe
234 1615 310 1680 dum
327 1618 415 1682 circa
432 1615 743 1716 adprehendendum
760 1636 836 1683 eum
851 1636 873 1680 a
894 1616 1104 1683 multitudine

93 1698 316 1781 contenditur,
348 1700 434 1763 inter
461 1700 640 1764 rixantium
666 1718 781 1765 manus
808 1699 933 1787 praeda
960 1700 1104 1766 lacerate

94 1794 158 1847 est.

292 1915 388 1980 VIII.
414 1913 600 1979 BELLVM
622 1912 922 1980 SPARTACIVM.

23 2037 135 2120 111,Ξο
198 2033 432 2107 Enimvero.et
452 2032 620 2098 servilium
644 2048 807 2097 armorum
829 2031 973 2096 dedecus
995 2032 1101 2115 ferae,
1125 2060 1127 2086 ι

95 2139 172 2182 nam
190 2118 251 2183 etsi
267 2140 326 2204 per
347 2118 511 2183 fortunam
527 2117 563 2180 in
580 2116 689 2181 omnia
703 2115 854 2197 obnoxii,
875 2123 987 2179 tamen
1008 2118 1103 2203 quasi

97 2201 277 2267 secundum
298 2200 466 2266 hominum
485 2220 589 2286 genus
614 2207 690 2264 sunt
712 2207 744 2262 et
772 2200 807 2263 in
829 2197 917 2263 bona
939 2197 1102 2265 libertatis

96 2293 227 2351 nostrae
249 2284 461 2370 adoptantur:
476 2283 599 2349 bellum
620 2282 775 2369 Spartaco
798 2282 881 2347 duce
904 2283 1104 2349 concitatum

70 2389 161 2454 aquo
182 2368 313 2432 nomine
335 2367 496 2467 appellem
519 2368 644 2449 nesci03
671 2367 791 2466 quippe
812 2386 887 2431 cum
907 2367 998 2430 servi
1018 2366 1103 2432 mili·

97 2449 254 2530 taverint,
277 2449 475 2534 gladratores
496 2450 742 2536 imperaverint,
770 2448 820 2513 illi
843 2447 975 2513 infimae
1001 2452 1099 2516 sortis

95 2532 259 2680 llpomines,
293 2531 328 2596 hi
355 2552 526 2619 pessumae
555 2553 677 2598 auxere
704 2532 854 2599 ludibriis
882 2531 1102 2599 calamitatem

127 2634 286 2681 omanem.

68 2706 87 2758 3
181 2696 372 2783 Spartacus,
410 2698 546 2782 Crixus,
585 2699 770 2783 Oenomaus
803 2700 936 2765 effracto
968 2700 1103 2765 Lentuli

95 2781 173 2846 ludo
197 2802 272 2846 cum
292 2783 335 2846 tri
360 2784 427 2846 ‘nta
446 2782 525 2847 haut
546 2783 685 2882 amplius
707 2782 854 2848 eiusdem
881 2784 1033 2849 fonunae
1053 2786 1102 2849 vi·

60 2938 63 2943 ,
94 2866 141 2928 ris
170 2884 307 2949 erupere
363 2886 495 2951 apuam3
527 2887 695 2952 servisque
723 2866 765 2930 ad
792 2867 950 2931 vexillum
971 2868 1098 2933 vocatis
1126 2896 1130 2923 ι

96 2969 170 3012 cum
199 2948 308 3013 statim
336 2949 449 3015 decem
479 2949 571 3014 milia
595 2949 734 3036 amplius
763 2951 920 3033 coissent,
951 2950 1100 3016 homines

95 3031 192 3096 modo
221 3030 375 3117 effugisse
404 3035 560 3115 contenti,
585 3035 651 3098 iam
679 3043 712 3097 et
738 3034 898 3099 vindicari
932 3033 1099 3099 volebant.

68 3114 201 3201 aprima
224 3116 319 3181 sedes
342 3115 434 3181 velut
455 3116 562 3180 beluis
585 3138 678 3182 mons
700 3116 866 3183 Vesuvius
894 3117 1028 3204 placuit.
1051 3118 1100 3182 ibi

96 3220 170 3263 eum
182 3198 439 3264 obsiderentura
450 3199 567 3265 Olodio
586 3201 720 3282 Glabro,
732 3222 791 3287 per
800 3201 912 3266 fauces
923 3202 997 3265 cari
1007 3220 1098 3265 mon·

95 3284 138 3346 tis
149 3282 280 3347 vitineis
293 3283 418 3369 delapsi
423 3282 564 3348 vinculis
576 3284 619 3348 ad
628 3286 710 3348 imas
723 3286 793 3349 eius
805 3284 1003 3349 descendere
1008 3283 1095 3349 radi·
1105 3300 1132 3344 es

94 3387 149 3431 ces
161 3375 193 3431 et
204 3367 295 3433 exitu
305 3369 411 3433 inviso
419 3367 500 3432 nihil
510 3366 576 3432 tale
587 3368 749 3482 opinantis
761 3367 1099 3453 ducissubitoimpetu

66 3460 202 3519 acastre
218 3460 409 3538 rapuenrntr
434 3451 512 3516 inde
529 3451 590 3510 alie
627 3451 743 3506 restrui
771 3452 955 3510 'severiane
988 3459 1097 3515 restra
