<?xml version="1.0" encoding="UTF-8"?>
<!DOCTYPE html PUBLIC "-//W3C//DTD XHTML 1.0 Transitional//EN"
    "http://www.w3.org/TR/xhtml1/DTD/xhtml1-transitional.dtd">
<html xmlns="http://www.w3.org/1999/xhtml" xml:lang="en" lang="en">
 <head>
  <title>
</title>
<meta http-equiv="Content-Type" content="text/html;charset=utf-8" />
  <meta name='ocr-system' content='tesseract 3.04.00' />
  <meta name='ocr-capabilities' content='ocr_page ocr_carea ocr_par ocr_line ocrx_word'/>
</head>
<body>
  <div class='ocr_page' id='page_1' title='image "./eutropiibreviar01crugoog_0206.png"; bbox 0 0 2266 3832; ppageno 0'>
   <div class='ocr_carea' id='block_1_1' title="bbox 361 219 1067 309">
    <p class='ocr_par' dir='ltr' id='par_1_1' title="bbox 361 219 1067 309">
     <span class='ocr_line' id='line_1_1' title="bbox 361 219 1067 309; baseline 0.006 -23"><span class='ocrx_word' id='word_1_1' title='bbox 361 219 774 309; x_wconf 76' lang='lat' dir='ltr'><strong>II,16-18[1111,6—8}.</strong></span> <span class='ocrx_word' id='word_1_2' title='bbox 1025 227 1067 290; x_wconf 83' lang='lat' dir='ltr'><strong>aa</strong></span> 
     </span>
    </p>
   </div>
   <div class='ocr_carea' id='block_1_2' title="bbox 31 387 1112 2633">
    <p class='ocr_par' dir='ltr' id='par_1_2' title="bbox 31 387 1112 2633">
     <span class='ocr_line' id='line_1_2' title="bbox 69 387 1112 475; baseline 0 -21"><span class='ocrx_word' id='word_1_3' title='bbox 69 390 178 471; x_wconf 89' lang='lat' dir='ltr'><strong>deret,</strong></span> <span class='ocrx_word' id='word_1_4' title='bbox 210 388 327 475; x_wconf 89' lang='lat' dir='ltr'><strong>quibus</strong></span> <span class='ocrx_word' id='word_1_5' title='bbox 356 390 430 474; x_wconf 87' lang='lat' dir='ltr'><strong>oapi</strong></span> <span class='ocrx_word' id='word_1_6' title='bbox 455 387 650 470; x_wconf 80' lang='lat' dir='ltr'><strong>inminebat,</strong></span> <span class='ocrx_word' id='word_1_7' title='bbox 683 396 720 451; x_wconf 92' lang='lat' dir='ltr'><strong>ut</strong></span> <span class='ocrx_word' id='word_1_8' title='bbox 748 388 870 453; x_wconf 78' lang='lat' dir='ltr'><strong>fartim</strong></span> <span class='ocrx_word' id='word_1_9' title='bbox 900 398 959 453; x_wconf 92' lang='lat' dir='ltr'><strong>est.</strong></span> <span class='ocrx_word' id='word_1_10' title='bbox 997 391 1112 455; x_wconf 85' lang='lat' dir='ltr'><strong>aoielo</strong></span> 
     </span>
     <span class='ocr_line' id='line_1_3' title="bbox 70 472 1067 558; baseline 0.002 -22"><span class='ocrx_word' id='word_1_11' title='bbox 70 493 212 558; x_wconf 85' lang='lat' dir='ltr'><strong>namque</strong></span> <span class='ocrx_word' id='word_1_12' title='bbox 241 474 413 536; x_wconf 84' lang='lat' dir='ltr'><strong>commissa</strong></span> <span class='ocrx_word' id='word_1_13' title='bbox 439 492 513 534; x_wconf 91' lang='lat' dir='ltr'><strong>oum</strong></span> <span class='ocrx_word' id='word_1_14' title='bbox 532 473 604 558; x_wconf 88' lang='lat' dir='ltr'><strong>pari</strong></span> <span class='ocrx_word' id='word_1_15' title='bbox 625 472 740 536; x_wconf 87' lang='lat' dir='ltr'><strong>ardore</strong></span> <span class='ocrx_word' id='word_1_16' title='bbox 765 472 953 558; x_wconf 82' lang='lat' dir='ltr'><strong>aliquandiu</strong></span> <span class='ocrx_word' id='word_1_17' title='bbox 976 473 1067 538; x_wconf 90' lang='lat' dir='ltr'><strong>dimi·</strong></span> 
     </span>
     <span class='ocr_line' id='line_1_4' title="bbox 72 553 1066 641; baseline -0.001 -22"><span class='ocrx_word' id='word_1_18' title='bbox 72 564 181 619; x_wconf 83' lang='lat' dir='ltr'><strong>catum</strong></span> <span class='ocrx_word' id='word_1_19' title='bbox 201 553 301 638; x_wconf 90' lang='lat' dir='ltr'><strong>foret,</strong></span> <span class='ocrx_word' id='word_1_20' title='bbox 323 556 470 641; x_wconf 89' lang='lat' dir='ltr'><strong>quamvis</strong></span> <span class='ocrx_word' id='word_1_21' title='bbox 492 553 590 618; x_wconf 86' lang='lat' dir='ltr'><strong>duces</strong></span> <span class='ocrx_word' id='word_1_22' title='bbox 611 555 687 619; x_wconf 91' lang='lat' dir='ltr'><strong>inde</strong></span> <span class='ocrx_word' id='word_1_23' title='bbox 726 565 890 620; x_wconf 90' lang='lat' dir='ltr'><strong>raesentes</strong></span> <span class='ocrx_word' id='word_1_24' title='bbox 907 556 1066 638; x_wconf 78' lang='lat' dir='ltr'><strong>adessent,</strong></span> 
     </span>
     <span class='ocr_line' id='line_1_5' title="bbox 70 578 1067 724; baseline 0.002 -23"><span class='ocrx_word' id='word_1_25' title='bbox 70 638 149 702; x_wconf 87' lang='lat' dir='ltr'><strong>hine</strong></span> <span class='ocrx_word' id='word_1_26' title='bbox 172 636 309 702; x_wconf 86' lang='lat' dir='ltr'><strong>alterum</strong></span> <span class='ocrx_word' id='word_1_27' title='bbox 330 638 473 724; x_wconf 85' lang='lat' dir='ltr'><strong>corporis</strong></span> <span class='ocrx_word' id='word_1_28' title='bbox 490 638 674 721; x_wconf 79' lang='lat' dir='ltr'><strong>aegritudo,</strong></span> <span class='ocrx_word' id='word_1_29' title='bbox 696 578 790 702; x_wconf 69' lang='lat' dir='ltr'><strong>dlum</strong></span> <span class='ocrx_word' id='word_1_30' title='bbox 808 647 910 703; x_wconf 89' lang='lat' dir='ltr'><strong>metus</strong></span> <span class='ocrx_word' id='word_1_31' title='bbox 928 648 961 702; x_wconf 86' lang='lat' dir='ltr'><strong>et</strong></span> <span class='ocrx_word' id='word_1_32' title='bbox 977 641 1067 724; x_wconf 89' lang='lat' dir='ltr'><strong>igna-</strong></span> 
     </span>
     <span class='ocr_line' id='line_1_6' title="bbox 46 719 1069 807; baseline 0.001 -23"><span class='ocrx_word' id='word_1_33' title='bbox 46 723 128 791; x_wconf 74' lang='lat' dir='ltr'><strong>svia</strong></span> <span class='ocrx_word' id='word_1_34' title='bbox 157 719 402 802; x_wconf 85' lang='lat' dir='ltr'><strong>subduxissent,</strong></span> <span class='ocrx_word' id='word_1_35' title='bbox 434 720 540 785; x_wconf 90' lang='lat' dir='ltr'><strong>stabat</strong></span> <span class='ocrx_word' id='word_1_36' title='bbox 564 729 674 784; x_wconf 87' lang='lat' dir='ltr'><strong>tamen</strong></span> <span class='ocrx_word' id='word_1_37' title='bbox 699 742 759 806; x_wconf 88' lang='lat' dir='ltr'><strong>pro</strong></span> <span class='ocrx_word' id='word_1_38' title='bbox 780 721 926 807; x_wconf 89' lang='lat' dir='ltr'><strong>partibus</strong></span> <span class='ocrx_word' id='word_1_39' title='bbox 947 723 1069 786; x_wconf 80' lang='lat' dir='ltr'><strong>invicta</strong></span> 
     </span>
     <span class='ocr_line' id='line_1_7' title="bbox 70 803 1067 890; baseline 0.001 -22"><span class='ocrx_word' id='word_1_40' title='bbox 70 804 203 869; x_wconf 83' lang='lat' dir='ltr'><strong>fortuna</strong></span> <span class='ocrx_word' id='word_1_41' title='bbox 238 812 270 866; x_wconf 88' lang='lat' dir='ltr'><strong>et</strong></span> <span class='ocrx_word' id='word_1_42' title='bbox 303 803 419 869; x_wconf 86' lang='lat' dir='ltr'><strong>ultoris</strong></span> <span class='ocrx_word' id='word_1_43' title='bbox 451 811 484 867; x_wconf 92' lang='lat' dir='ltr'><strong>et</strong></span> <span class='ocrx_word' id='word_1_44' title='bbox 518 805 572 890; x_wconf 90' lang='lat' dir='ltr'><strong>qui</strong></span> <span class='ocrx_word' id='word_1_45' title='bbox 606 805 853 887; x_wconf 84' lang='lat' dir='ltr'><strong>vindicabatur,</strong></span> <span class='ocrx_word' id='word_1_46' title='bbox 887 814 924 869; x_wconf 89' lang='lat' dir='ltr'><strong>ut</strong></span> <span class='ocrx_word' id='word_1_47' title='bbox 961 807 1067 869; x_wconf 86' lang='lat' dir='ltr'><strong>exitus</strong></span> 
     </span>
     <span class='ocr_line' id='line_1_8' title="bbox 68 885 1068 974; baseline 0.001 -23"><span class='ocrx_word' id='word_1_48' title='bbox 68 887 186 974; x_wconf 84' lang='lat' dir='ltr'><strong>proelii</strong></span> <span class='ocrx_word' id='word_1_49' title='bbox 197 885 316 951; x_wconf 68' lang='lat' dir='ltr'><strong>domuit.</strong></span> <span class='ocrx_word' id='word_1_50' title='bbox 327 888 467 973; x_wconf 88' lang='lat' dir='ltr'><strong>primum</strong></span> <span class='ocrx_word' id='word_1_51' title='bbox 478 885 559 951; x_wconf 84' lang='lat' dir='ltr'><strong>adeo</strong></span> <span class='ocrx_word' id='word_1_52' title='bbox 569 909 688 973; x_wconf 86' lang='lat' dir='ltr'><strong>anceps</strong></span> <span class='ocrx_word' id='word_1_53' title='bbox 700 888 770 969; x_wconf 87' lang='lat' dir='ltr'><strong>fuit,</strong></span> <span class='ocrx_word' id='word_1_54' title='bbox 788 897 825 951; x_wconf 94' lang='lat' dir='ltr'><strong>ut</strong></span> <span class='ocrx_word' id='word_1_55' title='bbox 834 927 877 939; x_wconf 86' lang='lat'><strong>—-</strong></span> <span class='ocrx_word' id='word_1_56' title='bbox 887 910 946 974; x_wconf 90' lang='lat' dir='ltr'><strong>par</strong></span> <span class='ocrx_word' id='word_1_57' title='bbox 957 890 1068 952; x_wconf 88' lang='lat' dir='ltr'><strong>utrim-</strong></span> 
     </span>
     <span class='ocr_line' id='line_1_9' title="bbox 92 970 1110 1036; baseline 0 -2"><span class='ocrx_word' id='word_1_58' title='bbox 92 991 134 1034; x_wconf 90' lang='lat' dir='ltr'><strong>ue</strong></span> <span class='ocrx_word' id='word_1_59' title='bbox 152 970 382 1035; x_wconf 74' lang='lat' dir='ltr'><strong>discrimen—</strong></span> <span class='ocrx_word' id='word_1_60' title='bbox 399 991 437 1034; x_wconf 87' lang='lat' dir='ltr'><strong>ea</strong></span> <span class='ocrx_word' id='word_1_61' title='bbox 458 979 493 1033; x_wconf 86' lang='lat' dir='ltr'><strong>ta</strong></span> <span class='ocrx_word' id='word_1_62' title='bbox 513 971 578 1034; x_wconf 89' lang='lat' dir='ltr'><strong>sint</strong></span> <span class='ocrx_word' id='word_1_63' title='bbox 598 970 674 1034; x_wconf 88' lang='lat' dir='ltr'><strong>hine</strong></span> <span class='ocrx_word' id='word_1_64' title='bbox 692 970 842 1035; x_wconf 81' lang='lat' dir='ltr'><strong>Caesaris</strong></span> <span class='ocrx_word' id='word_1_65' title='bbox 866 982 972 1036; x_wconf 87' lang='lat' dir='ltr'><strong>eastra</strong></span> <span class='ocrx_word' id='word_1_66' title='bbox 992 971 1110 1035; x_wconf 86' lang='lat' dir='ltr'><strong>indell</strong></span> 
     </span>
     <span class='ocr_line' id='line_1_10' title="bbox 70 993 1067 1140; baseline 0 -23"><span class='ocrx_word' id='word_1_67' title='bbox 70 993 177 1118; x_wconf 59' lang='lat' dir='ltr'><strong>dissei.</strong></span> <span class='ocrx_word' id='word_1_68' title='bbox 200 1074 242 1116; x_wconf 91' lang='lat' dir='ltr'><strong>en</strong></span> <span class='ocrx_word' id='word_1_69' title='bbox 263 1062 421 1139; x_wconf 87' lang='lat' dir='ltr'><strong>quantoe</strong></span> <span class='ocrx_word' id='word_1_70' title='bbox 460 1054 567 1116; x_wconf 86' lang='lat' dir='ltr'><strong>oaoior</strong></span> <span class='ocrx_word' id='word_1_71' title='bbox 589 1063 639 1117; x_wconf 89' lang='lat' dir='ltr'><strong>est</strong></span> <span class='ocrx_word' id='word_1_72' title='bbox 660 1054 804 1134; x_wconf 87' lang='lat' dir='ltr'><strong>fortuna,</strong></span> <span class='ocrx_word' id='word_1_73' title='bbox 828 1076 923 1140; x_wconf 88' lang='lat' dir='ltr'><strong>quam</strong></span> <span class='ocrx_word' id='word_1_74' title='bbox 945 1056 1067 1118; x_wconf 86' lang='lat' dir='ltr'><strong>virtus!</strong></span> 
     </span>
     <span class='ocr_line' id='line_1_11' title="bbox 31 1137 1067 1222; baseline -0.004 -18"><span class='ocrx_word' id='word_1_75' title='bbox 31 1144 104 1204; x_wconf 78' lang='lat' dir='ltr'><strong>roet</strong></span> <span class='ocrx_word' id='word_1_76' title='bbox 133 1158 230 1222; x_wconf 89' lang='lat' dir='ltr'><strong>quam</strong></span> <span class='ocrx_word' id='word_1_77' title='bbox 255 1158 370 1200; x_wconf 88' lang='lat' dir='ltr'><strong>verum</strong></span> <span class='ocrx_word' id='word_1_78' title='bbox 399 1146 464 1218; x_wconf 89' lang='lat' dir='ltr'><strong>est,</strong></span> <span class='ocrx_word' id='word_1_79' title='bbox 499 1137 586 1222; x_wconf 92' lang='lat' dir='ltr'><strong>quod</strong></span> <span class='ocrx_word' id='word_1_80' title='bbox 612 1140 753 1202; x_wconf 89' lang='lat' dir='ltr'><strong>moriens</strong></span> <span class='ocrx_word' id='word_1_81' title='bbox 779 1139 900 1201; x_wconf 89' lang='lat' dir='ltr'><strong>Brutus</strong></span> <span class='ocrx_word' id='word_1_82' title='bbox 934 1138 1067 1218; x_wconf 85' lang='lat' dir='ltr'><strong>efflauit,</strong></span> 
     </span>
     <span class='ocr_line' id='line_1_12' title="bbox 68 1219 1068 1301; baseline 0.001 -19"><span class='ocrx_word' id='word_1_83' title='bbox 68 1240 136 1284; x_wconf 94' lang='lat' dir='ltr'><strong>non</strong></span> <span class='ocrx_word' id='word_1_84' title='bbox 153 1220 255 1301; x_wconf 89' lang='lat' dir='ltr'><strong>inre,</strong></span> <span class='ocrx_word' id='word_1_85' title='bbox 281 1221 341 1285; x_wconf 91' lang='lat' dir='ltr'><strong>sed</strong></span> <span class='ocrx_word' id='word_1_86' title='bbox 361 1221 396 1282; x_wconf 92' lang='lat' dir='ltr'><strong>in</strong></span> <span class='ocrx_word' id='word_1_87' title='bbox 416 1219 518 1283; x_wconf 89' lang='lat' dir='ltr'><strong>verbo</strong></span> <span class='ocrx_word' id='word_1_88' title='bbox 538 1228 664 1284; x_wconf 89' lang='lat' dir='ltr'><strong>tantum</strong></span> <span class='ocrx_word' id='word_1_89' title='bbox 686 1241 758 1283; x_wconf 90' lang='lat' dir='ltr'><strong>esse</strong></span> <span class='ocrx_word' id='word_1_90' title='bbox 775 1223 944 1285; x_wconf 89' lang='lat' dir='ltr'><strong>virtutem:</strong></span> <span class='ocrx_word' id='word_1_91' title='bbox 967 1223 1068 1285; x_wconf 75' lang='lat' dir='ltr'><strong>viom-</strong></span> 
     </span>
     <span class='ocr_line' id='line_1_13' title="bbox 68 1301 1111 1388; baseline 0.005 -22"><span class='ocrx_word' id='word_1_92' title='bbox 68 1304 152 1366; x_wconf 85' lang='lat' dir='ltr'><strong>riam</strong></span> <span class='ocrx_word' id='word_1_93' title='bbox 172 1301 222 1366; x_wconf 94' lang='lat' dir='ltr'><strong>illi</strong></span> <span class='ocrx_word' id='word_1_94' title='bbox 242 1302 366 1388; x_wconf 90' lang='lat' dir='ltr'><strong>proelio</strong></span> <span class='ocrx_word' id='word_1_95' title='bbox 389 1324 498 1366; x_wconf 89' lang='lat' dir='ltr'><strong>errore</strong></span> <span class='ocrx_word' id='word_1_96' title='bbox 515 1302 614 1366; x_wconf 86' lang='lat' dir='ltr'><strong>dedit.</strong></span> <span class='ocrx_word' id='word_1_97' title='bbox 645 1302 777 1368; x_wconf 81' lang='lat' dir='ltr'><strong>Cassius</strong></span> <span class='ocrx_word' id='word_1_98' title='bbox 796 1304 949 1367; x_wconf 86' lang='lat' dir='ltr'><strong>inclinato</strong></span> <span class='ocrx_word' id='word_1_99' title='bbox 967 1325 1068 1368; x_wconf 85' lang='lat' dir='ltr'><strong>cornu</strong></span> <span class='ocrx_word' id='word_1_100' title='bbox 1078 1319 1111 1371; x_wconf 80' lang='lat'><strong>12</strong></span> 
     </span>
     <span class='ocr_line' id='line_1_14' title="bbox 70 1385 1068 1471; baseline 0.001 -22"><span class='ocrx_word' id='word_1_101' title='bbox 70 1406 204 1450; x_wconf 86' lang='lat' dir='ltr'><strong>suorum</strong></span> <span class='ocrx_word' id='word_1_102' title='bbox 233 1406 306 1449; x_wconf 90' lang='lat' dir='ltr'><strong>oum</strong></span> <span class='ocrx_word' id='word_1_103' title='bbox 337 1387 440 1471; x_wconf 83' lang='lat' dir='ltr'><strong>captis</strong></span> <span class='ocrx_word' id='word_1_104' title='bbox 471 1385 621 1450; x_wconf 76' lang='lat' dir='ltr'><strong>Caesaris</strong></span> <span class='ocrx_word' id='word_1_105' title='bbox 653 1388 767 1450; x_wconf 85' lang='lat' dir='ltr'><strong>castris</strong></span> <span class='ocrx_word' id='word_1_106' title='bbox 799 1408 836 1449; x_wconf 87' lang='lat' dir='ltr'><strong>ra</strong></span> <span class='ocrx_word' id='word_1_107' title='bbox 858 1387 912 1450; x_wconf 90' lang='lat' dir='ltr'><strong>ido</strong></span> <span class='ocrx_word' id='word_1_108' title='bbox 946 1389 1068 1471; x_wconf 88' lang='lat' dir='ltr'><strong>impetu</strong></span> 
     </span>
     <span class='ocr_line' id='line_1_15' title="bbox 67 1409 1068 1567; baseline -0.003 -33"><span class='ocrx_word' id='word_1_109' title='bbox 67 1469 262 1567; x_wconf 73' lang='lat' dir='ltr'><strong>recipientes</strong></span> <span class='ocrx_word' id='word_1_110' title='bbox 284 1490 319 1533; x_wconf 92' lang='lat' dir='ltr'><strong>se</strong></span> <span class='ocrx_word' id='word_1_111' title='bbox 341 1469 465 1554; x_wconf 82' lang='lat' dir='ltr'><strong>equites</strong></span> <span class='ocrx_word' id='word_1_112' title='bbox 487 1469 629 1551; x_wconf 87' lang='lat' dir='ltr'><strong>videret,</strong></span> <span class='ocrx_word' id='word_1_113' title='bbox 662 1470 776 1554; x_wconf 81' lang='lat' dir='ltr'><strong>fugere</strong></span> <span class='ocrx_word' id='word_1_114' title='bbox 798 1409 971 1533; x_wconf 74' lang='lat' dir='ltr'><strong>arbitratus</strong></span> <span class='ocrx_word' id='word_1_115' title='bbox 994 1489 1068 1532; x_wconf 88' lang='lat' dir='ltr'><strong>eva-</strong></span> 
     </span>
     <span class='ocr_line' id='line_1_16' title="bbox 32 1551 1112 1638; baseline 0.007 -27"><span class='ocrx_word' id='word_1_116' title='bbox 32 1572 60 1612; x_wconf 80' lang='lat' dir='ltr'><strong>rs</strong></span> <span class='ocrx_word' id='word_1_117' title='bbox 69 1551 119 1616; x_wconf 90' lang='lat' dir='ltr'><strong>dit</strong></span> <span class='ocrx_word' id='word_1_118' title='bbox 141 1572 176 1615; x_wconf 89' lang='lat' dir='ltr'><strong>m</strong></span> <span class='ocrx_word' id='word_1_119' title='bbox 198 1551 366 1616; x_wconf 91' lang='lat' dir='ltr'><strong>tumulum.</strong></span> <span class='ocrx_word' id='word_1_120' title='bbox 389 1552 465 1616; x_wconf 91' lang='lat' dir='ltr'><strong>inde</strong></span> <span class='ocrx_word' id='word_1_121' title='bbox 482 1552 617 1638; x_wconf 90' lang='lat' dir='ltr'><strong>pulvere</strong></span> <span class='ocrx_word' id='word_1_122' title='bbox 638 1561 670 1616; x_wconf 90' lang='lat' dir='ltr'><strong>et</strong></span> <span class='ocrx_word' id='word_1_123' title='bbox 688 1554 838 1638; x_wconf 86' lang='lat' dir='ltr'><strong>strepitu,</strong></span> <span class='ocrx_word' id='word_1_124' title='bbox 862 1554 958 1616; x_wconf 90' lang='lat' dir='ltr'><strong>etiam</strong></span> <span class='ocrx_word' id='word_1_125' title='bbox 974 1561 1069 1616; x_wconf 87' lang='lat' dir='ltr'><strong>noete</strong></span> <span class='ocrx_word' id='word_1_126' title='bbox 1079 1567 1112 1619; x_wconf 76' lang='lat'><strong>13</strong></span> 
     </span>
     <span class='ocr_line' id='line_1_17' title="bbox 68 1635 1069 1722; baseline 0 -24"><span class='ocrx_word' id='word_1_127' title='bbox 68 1635 179 1698; x_wconf 87' lang='lat' dir='ltr'><strong>vioina</strong></span> <span class='ocrx_word' id='word_1_128' title='bbox 196 1635 413 1700; x_wconf 85' lang='lat' dir='ltr'><strong>eximentibus</strong></span> <span class='ocrx_word' id='word_1_129' title='bbox 431 1645 542 1719; x_wconf 85' lang='lat' dir='ltr'><strong>gestae</strong></span> <span class='ocrx_word' id='word_1_130' title='bbox 560 1637 609 1698; x_wconf 90' lang='lat' dir='ltr'><strong>rei</strong></span> <span class='ocrx_word' id='word_1_131' title='bbox 629 1657 774 1717; x_wconf 91' lang='lat' dir='ltr'><strong>sensum,</strong></span> <span class='ocrx_word' id='word_1_132' title='bbox 797 1657 870 1700; x_wconf 88' lang='lat' dir='ltr'><strong>oum</strong></span> <span class='ocrx_word' id='word_1_133' title='bbox 887 1636 1069 1722; x_wconf 85' lang='lat' dir='ltr'><strong>speculator</strong></span> 
     </span>
     <span class='ocr_line' id='line_1_18' title="bbox 114 1718 1069 1804; baseline 0.001 -22"><span class='ocrx_word' id='word_1_134' title='bbox 114 1730 198 1804; x_wconf 81' lang='lat' dir='ltr'><strong>oque</strong></span> <span class='ocrx_word' id='word_1_135' title='bbox 226 1719 261 1780; x_wconf 93' lang='lat' dir='ltr'><strong>in</strong></span> <span class='ocrx_word' id='word_1_136' title='bbox 288 1718 323 1782; x_wconf 94' lang='lat' dir='ltr'><strong>id</strong></span> <span class='ocrx_word' id='word_1_137' title='bbox 349 1720 469 1782; x_wconf 89' lang='lat' dir='ltr'><strong>missus</strong></span> <span class='ocrx_word' id='word_1_138' title='bbox 496 1718 621 1782; x_wconf 83' lang='lat' dir='ltr'><strong>tardius</strong></span> <span class='ocrx_word' id='word_1_139' title='bbox 651 1720 814 1782; x_wconf 85' lang='lat' dir='ltr'><strong>nuntiaret</strong></span> <span class='ocrx_word' id='word_1_140' title='bbox 825 1768 835 1801; x_wconf 97' lang='lat'><strong>,</strong></span> <span class='ocrx_word' id='word_1_141' title='bbox 871 1727 1069 1783; x_wconf 83' lang='lat' dir='ltr'><strong>transactum</strong></span> 
     </span>
     <span class='ocr_line' id='line_1_19' title="bbox 68 1738 1068 1901; baseline 0 -36"><span class='ocrx_word' id='word_1_142' title='bbox 68 1738 114 1866; x_wconf 66' lang='lat' dir='ltr'><strong>dd</strong></span> <span class='ocrx_word' id='word_1_143' title='bbox 139 1801 286 1886; x_wconf 85' lang='lat' dir='ltr'><strong>partibus</strong></span> <span class='ocrx_word' id='word_1_144' title='bbox 313 1809 402 1865; x_wconf 84' lang='lat' dir='ltr'><strong>ratus</strong></span> <span class='ocrx_word' id='word_1_145' title='bbox 423 1803 481 1864; x_wconf 93' lang='lat' dir='ltr'><strong>uni</strong></span> <span class='ocrx_word' id='word_1_146' title='bbox 503 1823 546 1865; x_wconf 86' lang='lat' dir='ltr'><strong>ex</strong></span> <span class='ocrx_word' id='word_1_147' title='bbox 586 1804 721 1866; x_wconf 89' lang='lat' dir='ltr'><strong>roximis</strong></span> <span class='ocrx_word' id='word_1_148' title='bbox 745 1801 957 1867; x_wconf 83' lang='lat' dir='ltr'><strong>auferendum</strong></span> <span class='ocrx_word' id='word_1_149' title='bbox 972 1824 1068 1901; x_wconf 90' lang='lat' dir='ltr'><strong>prae-</strong></span> 
     </span>
     <span class='ocr_line' id='line_1_20' title="bbox 67 1824 1112 1969; baseline 0 -22"><span class='ocrx_word' id='word_1_150' title='bbox 67 1883 142 1948; x_wconf 85' lang='lat' dir='ltr'><strong>buit</strong></span> <span class='ocrx_word' id='word_1_151' title='bbox 162 1893 267 1969; x_wconf 85' lang='lat' dir='ltr'><strong>eaput.</strong></span> <span class='ocrx_word' id='word_1_152' title='bbox 290 1883 411 1948; x_wconf 90' lang='lat' dir='ltr'><strong>Brutus</strong></span> <span class='ocrx_word' id='word_1_153' title='bbox 424 1887 540 1948; x_wconf 85' lang='lat' dir='ltr'><strong>cumin</strong></span> <span class='ocrx_word' id='word_1_154' title='bbox 563 1824 678 1950; x_wconf 67' lang='lat' dir='ltr'><strong>bassio</strong></span> <span class='ocrx_word' id='word_1_155' title='bbox 701 1887 798 1949; x_wconf 85' lang='lat' dir='ltr'><strong>etiam</strong></span> <span class='ocrx_word' id='word_1_156' title='bbox 820 1906 912 1950; x_wconf 91' lang='lat' dir='ltr'><strong>suum</strong></span> <span class='ocrx_word' id='word_1_157' title='bbox 927 1907 1068 1948; x_wconf 74' lang='lat' dir='ltr'><strong>animum</strong></span> <span class='ocrx_word' id='word_1_158' title='bbox 1078 1898 1112 1948; x_wconf 80' lang='lat'><strong>14</strong></span> 
     </span>
     <span class='ocr_line' id='line_1_21' title="bbox 31 1966 1069 2054; baseline 0.003 -27"><span class='ocrx_word' id='word_1_159' title='bbox 31 1966 281 2054; x_wconf 70' lang='lat' dir='ltr'><strong>soperdidisset,</strong></span> <span class='ocrx_word' id='word_1_160' title='bbox 302 1989 343 2031; x_wconf 91' lang='lat' dir='ltr'><strong>ne</strong></span> <span class='ocrx_word' id='word_1_161' title='bbox 365 1967 445 2054; x_wconf 89' lang='lat' dir='ltr'><strong>quid</strong></span> <span class='ocrx_word' id='word_1_162' title='bbox 467 1989 509 2031; x_wconf 89' lang='lat' dir='ltr'><strong>ox</strong></span> <span class='ocrx_word' id='word_1_163' title='bbox 532 1969 697 2032; x_wconf 86' lang='lat' dir='ltr'><strong>constituti</strong></span> <span class='ocrx_word' id='word_1_164' title='bbox 714 1968 778 2032; x_wconf 88' lang='lat' dir='ltr'><strong>fide</strong></span> <span class='ocrx_word' id='word_1_165' title='bbox 796 1971 986 2052; x_wconf 86' lang='lat' dir='ltr'><strong>resignaret,</strong></span> <span class='ocrx_word' id='word_1_166' title='bbox 1010 1969 1069 2054; x_wconf 87' lang='lat' dir='ltr'><strong>(ita</strong></span> 
     </span>
     <span class='ocr_line' id='line_1_22' title="bbox 68 2050 1069 2137; baseline -0.002 -22"><span class='ocrx_word' id='word_1_167' title='bbox 68 2051 175 2132; x_wconf 86' lang='lat' dir='ltr'><strong>onim,</strong></span> <span class='ocrx_word' id='word_1_168' title='bbox 203 2071 269 2114; x_wconf 89' lang='lat' dir='ltr'><strong>non</strong></span> <span class='ocrx_word' id='word_1_169' title='bbox 297 2072 465 2135; x_wconf 90' lang='lat' dir='ltr'><strong>superesse</strong></span> <span class='ocrx_word' id='word_1_170' title='bbox 487 2050 589 2132; x_wconf 90' lang='lat' dir='ltr'><strong>bello,</strong></span> <span class='ocrx_word' id='word_1_171' title='bbox 619 2050 828 2134; x_wconf 77' lang='lat' dir='ltr'><strong>convenerat)</strong></span> <span class='ocrx_word' id='word_1_172' title='bbox 849 2053 861 2114; x_wconf 93' lang='lat' dir='ltr'><strong>i</strong></span> <span class='ocrx_word' id='word_1_173' title='bbox 885 2073 919 2114; x_wconf 91' lang='lat' dir='ltr'><strong>se</strong></span> <span class='ocrx_word' id='word_1_174' title='bbox 944 2072 1069 2137; x_wconf 88' lang='lat' dir='ltr'><strong>quoque</strong></span> 
     </span>
     <span class='ocr_line' id='line_1_23' title="bbox 67 2133 1069 2219; baseline -0.003 -21"><span class='ocrx_word' id='word_1_175' title='bbox 67 2135 127 2198; x_wconf 92' lang='lat' dir='ltr'><strong>uni</strong></span> <span class='ocrx_word' id='word_1_176' title='bbox 161 2135 314 2198; x_wconf 87' lang='lat' dir='ltr'><strong>eomitum</strong></span> <span class='ocrx_word' id='word_1_177' title='bbox 346 2155 478 2198; x_wconf 91' lang='lat' dir='ltr'><strong>suorum</strong></span> <span class='ocrx_word' id='word_1_178' title='bbox 512 2134 761 2198; x_wconf 84' lang='lat' dir='ltr'><strong>confodiendum</strong></span> <span class='ocrx_word' id='word_1_179' title='bbox 794 2155 872 2219; x_wconf 88' lang='lat' dir='ltr'><strong>prae</strong></span> <span class='ocrx_word' id='word_1_180' title='bbox 895 2135 945 2197; x_wconf 92' lang='lat' dir='ltr'><strong>uit</strong></span> <span class='ocrx_word' id='word_1_181' title='bbox 975 2133 1069 2196; x_wconf 86' lang='lat' dir='ltr'><strong>latus.</strong></span> 
     </span>
     <span class='ocr_line' id='line_1_24' title="bbox 69 2217 1112 2303; baseline 0.004 -23"><span class='ocrx_word' id='word_1_182' title='bbox 69 2217 142 2303; x_wconf 84' lang='lat' dir='ltr'><strong>quis</strong></span> <span class='ocrx_word' id='word_1_183' title='bbox 171 2218 427 2303; x_wconf 88' lang='lat' dir='ltr'><strong>sapientissimos</strong></span> <span class='ocrx_word' id='word_1_184' title='bbox 454 2237 493 2280; x_wconf 86' lang='lat' dir='ltr'><strong>ae</strong></span> <span class='ocrx_word' id='word_1_185' title='bbox 517 2217 711 2281; x_wconf 87' lang='lat' dir='ltr'><strong>fortissimos</strong></span> <span class='ocrx_word' id='word_1_186' title='bbox 734 2219 823 2280; x_wconf 89' lang='lat' dir='ltr'><strong>viros</strong></span> <span class='ocrx_word' id='word_1_187' title='bbox 848 2238 914 2280; x_wconf 91' lang='lat' dir='ltr'><strong>non</strong></span> <span class='ocrx_word' id='word_1_188' title='bbox 935 2218 1112 2286; x_wconf 76' lang='lat' dir='ltr'><strong>mireturrs</strong></span> 
     </span>
     <span class='ocr_line' id='line_1_25' title="bbox 67 2299 1070 2385; baseline -0.002 -21"><span class='ocrx_word' id='word_1_189' title='bbox 67 2299 113 2364; x_wconf 82' lang='lat' dir='ltr'><strong>ad</strong></span> <span class='ocrx_word' id='word_1_190' title='bbox 131 2299 279 2365; x_wconf 87' lang='lat' dir='ltr'><strong>ultimum</strong></span> <span class='ocrx_word' id='word_1_191' title='bbox 301 2321 366 2365; x_wconf 88' lang='lat' dir='ltr'><strong>non</strong></span> <span class='ocrx_word' id='word_1_192' title='bbox 390 2303 457 2365; x_wconf 90' lang='lat' dir='ltr'><strong>suis</strong></span> <span class='ocrx_word' id='word_1_193' title='bbox 481 2299 630 2365; x_wconf 89' lang='lat' dir='ltr'><strong>manibus</strong></span> <span class='ocrx_word' id='word_1_194' title='bbox 652 2299 754 2364; x_wconf 81' lang='lat' dir='ltr'><strong>usos?</strong></span> <span class='ocrx_word' id='word_1_195' title='bbox 775 2300 841 2363; x_wconf 90' lang='lat' dir='ltr'><strong>nisi</strong></span> <span class='ocrx_word' id='word_1_196' title='bbox 861 2299 924 2365; x_wconf 89' lang='lat' dir='ltr'><strong>hoo</strong></span> <span class='ocrx_word' id='word_1_197' title='bbox 942 2319 1070 2385; x_wconf 90' lang='lat' dir='ltr'><strong>quoque</strong></span> 
     </span>
     <span class='ocr_line' id='line_1_26' title="bbox 33 2382 1071 2468; baseline 0.003 -24"><span class='ocrx_word' id='word_1_198' title='bbox 33 2401 116 2447; x_wconf 73' lang='lat' dir='ltr'><strong>mex</strong></span> <span class='ocrx_word' id='word_1_199' title='bbox 137 2384 347 2468; x_wconf 88' lang='lat' dir='ltr'><strong>persuasione</strong></span> <span class='ocrx_word' id='word_1_200' title='bbox 375 2391 483 2448; x_wconf 80' lang='lat' dir='ltr'><strong>sectae</strong></span> <span class='ocrx_word' id='word_1_201' title='bbox 503 2384 582 2466; x_wconf 86' lang='lat' dir='ltr'><strong>fuit,</strong></span> <span class='ocrx_word' id='word_1_202' title='bbox 608 2405 650 2447; x_wconf 90' lang='lat' dir='ltr'><strong>ne</strong></span> <span class='ocrx_word' id='word_1_203' title='bbox 670 2382 832 2448; x_wconf 90' lang='lat' dir='ltr'><strong>violarent</strong></span> <span class='ocrx_word' id='word_1_204' title='bbox 851 2403 982 2464; x_wconf 87' lang='lat' dir='ltr'><strong>manus,</strong></span> <span class='ocrx_word' id='word_1_205' title='bbox 1011 2382 1071 2447; x_wconf 88' lang='lat' dir='ltr'><strong>sed</strong></span> 
     </span>
     <span class='ocr_line' id='line_1_27' title="bbox 67 2466 1069 2552; baseline -0.001 -22"><span class='ocrx_word' id='word_1_206' title='bbox 67 2466 105 2530; x_wconf 91' lang='lat' dir='ltr'><strong>in</strong></span> <span class='ocrx_word' id='word_1_207' title='bbox 126 2466 312 2531; x_wconf 86' lang='lat' dir='ltr'><strong>amolitione</strong></span> <span class='ocrx_word' id='word_1_208' title='bbox 328 2468 576 2532; x_wconf 86' lang='lat' dir='ltr'><strong>fortissimarum</strong></span> <span class='ocrx_word' id='word_1_209' title='bbox 592 2468 874 2552; x_wconf 87' lang='lat' dir='ltr'><strong>piissimarumque</strong></span> <span class='ocrx_word' id='word_1_210' title='bbox 889 2467 1069 2529; x_wconf 87' lang='lat' dir='ltr'><strong>animarum</strong></span> 
     </span>
     <span class='ocr_line' id='line_1_28' title="bbox 67 2548 757 2633; baseline 0.001 -21"><span class='ocrx_word' id='word_1_211' title='bbox 67 2548 189 2614; x_wconf 83' lang='lat' dir='ltr'><strong>iudicio</strong></span> <span class='ocrx_word' id='word_1_212' title='bbox 211 2571 284 2633; x_wconf 90' lang='lat' dir='ltr'><strong>suo,</strong></span> <span class='ocrx_word' id='word_1_213' title='bbox 307 2549 430 2615; x_wconf 85' lang='lat' dir='ltr'><strong>scelere</strong></span> <span class='ocrx_word' id='word_1_214' title='bbox 452 2549 558 2614; x_wconf 90' lang='lat' dir='ltr'><strong>alieno</strong></span> <span class='ocrx_word' id='word_1_215' title='bbox 579 2557 757 2614; x_wconf 86' lang='lat' dir='ltr'><strong>uterentur.</strong></span> 
     </span>
    </p>
   </div>
   <div class='ocr_carea' id='block_1_3' title="bbox 131 2640 998 2747">
    <p class='ocr_par' dir='ltr' id='par_1_3' title="bbox 131 2640 998 2747">
     <span class='ocr_line' id='line_1_29' title="bbox 131 2640 998 2747; baseline 0.001 -4"><span class='ocrx_word' id='word_1_216' title='bbox 131 2678 258 2744; x_wconf 83' lang='lat' dir='ltr'><strong>xvm.</strong></span> <span class='ocrx_word' id='word_1_217' title='bbox 292 2679 477 2745; x_wconf 73' lang='lat' dir='ltr'><strong>sanavit</strong></span> <span class='ocrx_word' id='word_1_218' title='bbox 499 2680 594 2746; x_wconf 84' lang='lat' dir='ltr'><strong>ovu</strong></span> <span class='ocrx_word' id='word_1_219' title='bbox 614 2679 762 2744; x_wconf 71' lang='lat' dir='ltr'><strong>saxio</strong></span> <span class='ocrx_word' id='word_1_220' title='bbox 783 2640 998 2747; x_wconf 77' lang='lat' dir='ltr'><strong>roureio</strong></span> 
     </span>
    </p>
   </div>
   <div class='ocr_carea' id='block_1_4' title="bbox 35 2795 1128 3052">
    <p class='ocr_par' dir='ltr' id='par_1_4' title="bbox 35 2795 1128 3052">
     <span class='ocr_line' id='line_1_30' title="bbox 154 2795 1128 2885; baseline 0.001 -24"><span class='ocrx_word' id='word_1_221' title='bbox 154 2795 296 2862; x_wconf 85' lang='lat' dir='ltr'><strong>Sublatis</strong></span> <span class='ocrx_word' id='word_1_222' title='bbox 341 2797 562 2863; x_wconf 89' lang='lat' dir='ltr'><strong>eroussoribus</strong></span> <span class='ocrx_word' id='word_1_223' title='bbox 577 2797 727 2863; x_wconf 82' lang='lat' dir='ltr'><strong>Caesaris</strong></span> <span class='ocrx_word' id='word_1_224' title='bbox 745 2808 912 2885; x_wconf 86' lang='lat' dir='ltr'><strong>supererat</strong></span> <span class='ocrx_word' id='word_1_225' title='bbox 921 2800 1016 2864; x_wconf 89' lang='lat' dir='ltr'><strong>Pom·</strong></span> <span class='ocrx_word' id='word_1_226' title='bbox 1044 2817 1100 2862; x_wconf 78' lang='lat'><em>11¹¹</em></span> <span class='ocrx_word' id='word_1_227' title='bbox 1120 2819 1128 2852; x_wconf 71' lang='lat'><strong>³</strong></span> 
     </span>
     <span class='ocr_line' id='line_1_31' title="bbox 35 2821 1064 2966; baseline -0.001 -18"><span class='ocrx_word' id='word_1_228' title='bbox 35 2906 63 2948; x_wconf 77' lang='lat' dir='ltr'><strong>so</strong></span> <span class='ocrx_word' id='word_1_229' title='bbox 112 2882 126 2944; x_wconf 88' lang='lat' dir='ltr'><strong>i</strong></span> <span class='ocrx_word' id='word_1_230' title='bbox 143 2879 266 2945; x_wconf 89' lang='lat' dir='ltr'><strong>domus.</strong></span> <span class='ocrx_word' id='word_1_231' title='bbox 290 2821 372 2946; x_wconf 66' lang='lat' dir='ltr'><strong>aller</strong></span> <span class='ocrx_word' id='word_1_232' title='bbox 391 2883 547 2945; x_wconf 88' lang='lat' dir='ltr'><strong>iuvenum</strong></span> <span class='ocrx_word' id='word_1_233' title='bbox 560 2884 596 2944; x_wconf 94' lang='lat' dir='ltr'><strong>in</strong></span> <span class='ocrx_word' id='word_1_234' title='bbox 617 2880 778 2966; x_wconf 89' lang='lat' dir='ltr'><strong>Hispania</strong></span> <span class='ocrx_word' id='word_1_235' title='bbox 794 2883 972 2964; x_wconf 87' lang='lat' dir='ltr'><strong>oooiderat,</strong></span> <span class='ocrx_word' id='word_1_236' title='bbox 988 2873 1064 2947; x_wconf 86' lang='lat' dir='ltr'><strong>alter</strong></span> 
     </span>
     <span class='ocr_line' id='line_1_32' title="bbox 68 2902 1066 3052; baseline 0.004 -25"><span class='ocrx_word' id='word_1_237' title='bbox 68 2902 150 3049; x_wconf 57' lang='lat' dir='ltr'><strong>lige</strong></span> <span class='ocrx_word' id='word_1_238' title='bbox 180 2973 327 3030; x_wconf 81' lang='lat' dir='ltr'><strong>evaserat</strong></span> <span class='ocrx_word' id='word_1_239' title='bbox 360 2965 597 3050; x_wconf 79' lang='lat' dir='ltr'><strong>contractisque</strong></span> <span class='ocrx_word' id='word_1_240' title='bbox 627 2964 768 3029; x_wconf 75' lang='lat' dir='ltr'><strong>infelicis</strong></span> <span class='ocrx_word' id='word_1_241' title='bbox 800 2965 879 3030; x_wconf 92' lang='lat' dir='ltr'><strong>belli</strong></span> <span class='ocrx_word' id='word_1_242' title='bbox 913 2966 1066 3052; x_wconf 78' lang='lat' dir='ltr'><strong>reliquiis,</strong></span> 
     </span>
    </p>
   </div>
   <div class='ocr_carea' id='block_1_5' title="bbox 36 3047 1070 3532">
    <p class='ocr_par' dir='ltr' id='par_1_5' title="bbox 36 3047 1070 3532">
     <span class='ocr_line' id='line_1_33' title="bbox 69 3047 1070 3133; baseline 0.002 -22"><span class='ocrx_word' id='word_1_243' title='bbox 69 3068 145 3111; x_wconf 71' lang='lat' dir='ltr'><strong>earm</strong></span> <span class='ocrx_word' id='word_1_244' title='bbox 167 3047 241 3113; x_wconf 88' lang='lat' dir='ltr'><strong>insu</strong></span> <span class='ocrx_word' id='word_1_245' title='bbox 264 3071 299 3113; x_wconf 92' lang='lat' dir='ltr'><strong>er</strong></span> <span class='ocrx_word' id='word_1_246' title='bbox 321 3048 485 3133; x_wconf 86' lang='lat' dir='ltr'><strong>ergastula</strong></span> <span class='ocrx_word' id='word_1_247' title='bbox 506 3056 678 3128; x_wconf 88' lang='lat' dir='ltr'><strong>armasset,</strong></span> <span class='ocrx_word' id='word_1_248' title='bbox 705 3047 849 3113; x_wconf 84' lang='lat' dir='ltr'><strong>Siciliam</strong></span> <span class='ocrx_word' id='word_1_249' title='bbox 873 3048 1070 3114; x_wconf 88' lang='lat' dir='ltr'><strong>Sardiniam-</strong></span> 
     </span>
     <span class='ocr_line' id='line_1_34' title="bbox 70 3071 1054 3217; baseline 0.002 -23"><span class='ocrx_word' id='word_1_250' title='bbox 70 3151 134 3217; x_wconf 82' lang='lat' dir='ltr'><strong>que</strong></span> <span class='ocrx_word' id='word_1_251' title='bbox 154 3071 310 3215; x_wconf 69' lang='lat' dir='ltr'><strong>habebat,</strong></span> <span class='ocrx_word' id='word_1_252' title='bbox 342 3134 408 3196; x_wconf 90' lang='lat' dir='ltr'><strong>iarn</strong></span> <span class='ocrx_word' id='word_1_253' title='bbox 437 3140 470 3194; x_wconf 90' lang='lat' dir='ltr'><strong>et</strong></span> <span class='ocrx_word' id='word_1_254' title='bbox 497 3131 601 3194; x_wconf 83' lang='lat' dir='ltr'><strong>classe</strong></span> <span class='ocrx_word' id='word_1_255' title='bbox 623 3132 766 3196; x_wconf 90' lang='lat' dir='ltr'><strong>medium</strong></span> <span class='ocrx_word' id='word_1_256' title='bbox 786 3154 875 3196; x_wconf 90' lang='lat' dir='ltr'><strong>mare</strong></span> <span class='ocrx_word' id='word_1_257' title='bbox 895 3132 1054 3196; x_wconf 68' lang='lat' dir='ltr'><strong>insederat</strong></span> 
     </span>
     <span class='ocr_line' id='line_1_35' title="bbox 71 3212 1062 3300; baseline -0.001 -22"><span class='ocrx_word' id='word_1_258' title='bbox 71 3232 92 3278; x_wconf 95' lang='lat' dir='ltr'><strong>o</strong></span> <span class='ocrx_word' id='word_1_259' title='bbox 113 3234 209 3299; x_wconf 86' lang='lat' dir='ltr'><strong>quarn</strong></span> <span class='ocrx_word' id='word_1_260' title='bbox 226 3215 375 3281; x_wconf 87' lang='lat' dir='ltr'><strong>diversus</strong></span> <span class='ocrx_word' id='word_1_261' title='bbox 394 3237 414 3278; x_wconf 89' lang='lat' dir='ltr'><strong>a</strong></span> <span class='ocrx_word' id='word_1_262' title='bbox 429 3216 538 3300; x_wconf 89' lang='lat' dir='ltr'><strong>patre!</strong></span> <span class='ocrx_word' id='word_1_263' title='bbox 560 3213 615 3278; x_wconf 87' lang='lat' dir='ltr'><strong>ille</strong></span> <span class='ocrx_word' id='word_1_264' title='bbox 634 3212 754 3278; x_wconf 82' lang='lat' dir='ltr'><strong>Oilioas</strong></span> <span class='ocrx_word' id='word_1_265' title='bbox 777 3217 993 3295; x_wconf 83' lang='lat' dir='ltr'><strong>extinexerat,</strong></span> <span class='ocrx_word' id='word_1_266' title='bbox 1017 3215 1062 3279; x_wconf 82' lang='lat' dir='ltr'><strong>hu</strong></span> 
     </span>
     <span class='ocr_line' id='line_1_36' title="bbox 36 3297 1059 3383; baseline -0.002 -21"><span class='ocrx_word' id='word_1_267' title='bbox 36 3316 109 3362; x_wconf 75' lang='lat' dir='ltr'><strong>esse</strong></span> <span class='ocrx_word' id='word_1_268' title='bbox 126 3297 264 3383; x_wconf 76' lang='lat' dir='ltr'><strong>piratica</strong></span> <span class='ocrx_word' id='word_1_269' title='bbox 290 3300 452 3365; x_wconf 89' lang='lat' dir='ltr'><strong>tuebatur.</strong></span> <span class='ocrx_word' id='word_1_270' title='bbox 486 3297 654 3377; x_wconf 90' lang='lat' dir='ltr'><strong>Puteolos,</strong></span> <span class='ocrx_word' id='word_1_271' title='bbox 677 3297 840 3380; x_wconf 85' lang='lat' dir='ltr'><strong>Formias,</strong></span> <span class='ocrx_word' id='word_1_272' title='bbox 864 3297 1059 3361; x_wconf 87' lang='lat' dir='ltr'><strong>Vulturnum</strong></span> 
     </span>
     <span class='ocr_line' id='line_1_37' title="bbox 70 3380 1062 3470; baseline -0.002 -25"><span class='ocrx_word' id='word_1_273' title='bbox 70 3387 171 3445; x_wconf 82' lang='lat' dir='ltr'><strong>totam</strong></span> <span class='ocrx_word' id='word_1_274' title='bbox 186 3381 326 3470; x_wconf 89' lang='lat' dir='ltr'><strong>denique</strong></span> <span class='ocrx_word' id='word_1_275' title='bbox 347 3382 575 3468; x_wconf 76' lang='lat' dir='ltr'><strong>Campaniam,</strong></span> <span class='ocrx_word' id='word_1_276' title='bbox 595 3380 729 3444; x_wconf 90' lang='lat' dir='ltr'><strong>Pontias</strong></span> <span class='ocrx_word' id='word_1_277' title='bbox 747 3389 779 3443; x_wconf 83' lang='lat' dir='ltr'><strong>et</strong></span> <span class='ocrx_word' id='word_1_278' title='bbox 794 3381 986 3461; x_wconf 68' lang='lat' dir='ltr'><strong>Aenariam,</strong></span> <span class='ocrx_word' id='word_1_279' title='bbox 1000 3382 1062 3466; x_wconf 68' lang='lat' dir='ltr'><strong>ipe-</strong></span> 
     </span>
     <span class='ocr_line' id='line_1_38' title="bbox 72 3461 1052 3532; baseline -0.005 -15"><span class='ocrx_word' id='word_1_280' title='bbox 72 3462 216 3530; x_wconf 63' lang='lat' dir='ltr'><strong>Tiberini</strong></span> <span class='ocrx_word' id='word_1_281' title='bbox 238 3467 379 3531; x_wconf 55' lang='lat' dir='ltr'><strong>fluminis</strong></span> <span class='ocrx_word' id='word_1_282' title='bbox 404 3487 454 3512; x_wconf 64' lang='lat' dir='ltr'><strong>mr</strong></span> <span class='ocrx_word' id='word_1_283' title='bbox 484 3463 653 3524; x_wconf 42' lang='lat' dir='ltr'><strong>seminans</strong></span> <span class='ocrx_word' id='word_1_284' title='bbox 679 3471 728 3504; x_wconf 55' lang='grc' dir='ltr'><strong>οὐ</strong></span> <span class='ocrx_word' id='word_1_285' title='bbox 766 3461 894 3512; x_wconf 61' lang='lat' dir='ltr'><strong>anthimi·</strong></span> <span class='ocrx_word' id='word_1_286' title='bbox 930 3483 1052 3532; x_wconf 52' lang='lat' dir='ltr'><strong>sanger..</strong></span> 
     </span>
    </p>
   </div>
   <div class='ocr_carea' id='block_1_6' title="bbox 0 0 1144 3832">
    <p class='ocr_par' dir='ltr' id='par_1_6' title="bbox 0 0 1144 3832">
     <span class='ocr_line' id='line_1_39' title="bbox 0 0 1144 3832; baseline 0 0"><span class='ocrx_word' id='word_1_287' title='bbox 0 0 1144 3832; x_wconf 95' lang='lat' dir='ltr'><strong> </strong></span> 
     </span>
    </p>
   </div>
  </div>
 </body>
</html>
