2266 3832
125 190 166 255 58
398 189 439 249 Μ.
461 188 603 249 vultui
623 187 837 251 PA'OERCULI

126 343 156 402 in
176 342 388 402 Macedoniam
408 348 438 401 et
458 344 541 416 apud
560 342 666 401 urbem
685 340 842 416 Philippos
864 356 932 401 oum
952 340 994 399 Μ.
1009 341 1106 403 Bruto

128 426 298 500 Cassioque
309 425 375 485 acie
387 431 613 501 concurrerunt.
641 424 756 495 Cornu,
770 425 818 483 cui
829 424 941 485 Brutus
953 434 1105 500 praeerat,

128 510 267 585 impulsis
282 509 420 568 hostibus
433 516 533 568 castra
546 508 685 567 Caesaris
698 507 795 581 cepit;
810 515 893 581 (nam
905 508 974 582 ipse
983 507 1105 583 Caesar,

129 593 246 653 etiamsi
260 592 484 651 infirmissimus
496 591 670 650 valetudine
681 598 759 663 erat,
776 590 878 650 obibat
892 590 998 650 munia
1009 591 1105 665 ducis,

129 684 232 737 oratus
248 676 336 734 etiam
352 674 390 733 ab
405 675 527 734 Artorio
542 674 677 745 medico,
701 689 740 732 ue
754 674 785 733 in
800 674 909 734 castris
924 682 1104 749 remaneret,

127 760 288 819 manifesta
301 757 534 819 denunciatione
549 756 660 830 quietis
675 758 793 828 territo)
813 758 843 817 id
859 765 976 832 autem,
996 756 1030 817 in
1046 774 1105 835 quo

129 841 254 902 Cassius
278 842 388 915 luerat,
411 843 546 915 iugatum
567 857 604 899 ac
619 842 698 899 male
719 842 880 901 mulcatum
903 840 933 900 in
948 841 1107 903 altiorase

99 934 287 1000 areceperat
311 927 387 984 loca.
417 927 491 983 Tum
518 924 643 984 Cassius
668 939 707 982 ex
733 941 789 983 sua
817 927 939 985 fortuna
963 933 1106 987 eventum

128 1011 264 1083 collegae
280 1008 444 1068 aestimans
460 1023 529 1067 cum
544 1007 710 1066 dimisisset
725 1016 884 1069 evocatum
900 1009 1107 1085 iussissetque

127 1093 273 1152 nunciare
288 1092 360 1163 sibi,
379 1107 457 1164 quae
469 1097 552 1151 esset
562 1091 720 1151 mullitudo
734 1107 769 1150 ac
780 1092 827 1151 vis
838 1091 1010 1166 hominum,
1028 1108 1107 1169 quae

127 1177 167 1235 ad
183 1193 217 1235 se
233 1176 383 1247 tenderet,
406 1176 520 1235 tardius
536 1191 572 1233 eo
588 1175 761 1246 nunciante,
779 1191 846 1234 cum
861 1175 891 1235 in
906 1175 1009 1236 vicino
1025 1182 1108 1237 esset

128 1276 234 1333 agmen
251 1276 344 1319 cursu
360 1260 398 1318 ad
413 1275 481 1318 eum
498 1257 682 1319 tendentium
695 1274 795 1332 neque
808 1261 934 1333 pulvere
945 1259 1043 1320 facies
1058 1266 1107 1320 aut

128 1344 216 1417 signa
232 1343 368 1404 denotari
385 1349 528 1417 possent,
544 1341 720 1400 existimans
735 1341 833 1401 hostis
851 1358 922 1402 esse
939 1343 991 1417 qui
1007 1344 1105 1403 inrue

128 1433 209 1497 rent,
233 1429 354 1487 lacerna
374 1423 466 1501 caput
493 1425 690 1485 circumdedit
714 1431 929 1500 extortamque
954 1425 1104 1487 cervicem

100 1510 283 1570 sinterritus
308 1510 416 1569 liberto
443 1507 589 1584 praebuit.
618 1508 779 1568 Deciderat
795 1509 881 1568 Cassi
903 1516 1012 1584 caput,
1039 1526 1106 1571 cum

128 1603 274 1654 evocatus
301 1593 423 1651 advenit
448 1593 596 1652 nuncians
616 1592 742 1651 Brutum
767 1608 838 1652 csse
863 1590 1029 1664 victorem3
1055 1591 1105 1669 qui

128 1693 195 1735 cum
224 1677 434 1749 imperatorem
460 1683 644 1750 prostratum
669 1674 798 1734 videret=
819 1692 968 1750 ,‚sequar‚
998 1678 1105 1753 inquil,

127 1776 211 1832 earm,
234 1775 323 1832 quem
343 1775 411 1817 mea
433 1758 544 1818 occidit
563 1758 707 1817 tarditas“
729 1765 758 1817 et
772 1758 813 1817 ita
826 1761 855 1818 in
871 1761 1007 1833 gladium
1022 1762 1103 1821 incu-

97 1843 199 1903 lbuit.
223 1841 295 1901 Post
311 1857 427 1916 paucos
443 1841 554 1900 deinde
569 1841 635 1899 dies
649 1841 761 1900 Brutus
774 1842 912 1903 conflixit
926 1860 996 1903 cum
1010 1842 1104 1905 hosti-

129 1926 185 1985 bus
201 1934 230 1986 et
245 1926 342 1985 rictus
358 1925 423 1985 acie
439 1941 507 1985 cum
522 1923 551 1983 in
563 1926 710 1984 tumulum
726 1931 814 1985 nocte
829 1942 868 1984 ex
884 1929 955 2001 luga
969 1942 1006 1987 se
1020 1944 1104 1988 rece-

128 2009 238 2084 pisset,
261 2008 433 2083 impetravit
452 2007 625 2069 aStratone
646 2009 796 2082 Aegeate,
820 2010 956 2068 familiari
977 2027 1052 2085 suo,
1073 2018 1105 2072 ut

126 2110 247 2173 manum
259 2093 404 2152 morituro
418 2094 625 2153 commodaret
636 2091 709 2163 sibi,
722 2092 898 2166 reiectoque
910 2096 998 2153 laevo
1011 2110 1104 2169 super

127 2186 219 2252 caput
238 2176 363 2236 brachio
382 2192 449 2235 cum
471 2191 647 2235 mucronem
668 2175 749 2248 gladi
765 2176 832 2235 eius
854 2177 980 2235 dextera
996 2184 1102 2237 tenens

127 2260 267 2320 sinistrae
275 2258 650 2319 admovissetmammillae
658 2260 696 2316 ad
711 2273 780 2316 eum
794 2259 895 2333 ipsum
910 2260 1028 2333 locum,
1044 2276 1103 2334 qua

128 2359 181 2405 cor
196 2344 317 2413 critical,
333 2344 492 2416 impellens
508 2359 542 2401 se
557 2343 587 2400 in
600 2344 708 2400 vulnus
721 2356 780 2399 ιιιιο
794 2342 854 2402 ictu
867 2342 1035 2402 transfixus
1051 2360 1102 2403 ex·

129 2425 236 2499 piravit
252 2427 400 2499 protinus.

100 2512 111 2560 1
209 2508 308 2566 LXXI.
349 2508 508 2577 Messalla,
532 2506 772 2579 fulgentissimus
787 2507 921 2579 iuvenis,
943 2510 1102 2583 proximus

12 2582 23 2655 l
126 2591 228 2649 inillis
244 2591 352 2650 castris
367 2591 451 2649 Bruti
467 2589 615 2662 Cassique
636 2588 818 2663 auctoritati,
841 2604 908 2650 cum
929 2601 1036 2653 essent
1052 2594 1102 2669 qui

16 2679 48 2751 ³-
126 2690 194 2733 eum
216 2674 325 2732 ducem
347 2679 524 2747 poscerent,
544 2670 660 2729 servari
674 2672 824 2732 beneficio
841 2673 980 2736 Caesaris
997 2678 1104 2739 maluit

126 2773 215 2830 quam
234 2755 356 2815 dubiam
377 2772 464 2830 spem
485 2770 636 2814 armorum
659 2762 775 2815 tentare
794 2756 940 2831 amplius:
968 2777 1026 2821 nec
1053 2770 1103 2823 aut

126 2839 247 2898 Caesari
265 2840 428 2913 quicquam
443 2855 482 2897 ex
496 2838 631 2898 victoriis
647 2839 712 2897 suis
732 2839 788 2900 luit
801 2842 910 2901 laetius
927 2860 1019 2917 quam
1036 2860 1101 2905 ser·

127 2937 217 2982 vasse
239 2923 414 2994 Corvinum,
437 2929 487 2981 aut
506 2923 604 2980 maius
625 2923 797 2996 exemplum
818 2924 949 2985 hominis
971 2928 1101 3001 gratiae

97 3007 166 3080 apii
193 3022 281 3079 <qaam
299 3005 450 3066 Corvinus
471 3007 501 3063 in
517 3006 677 3064 caesarem
699 3004 763 3065 luit.
802 3009 868 3068 Non
890 3008 972 3069 aliud
987 3010 1101 3071 bellum

126 3090 280 3148 cruentius
297 3090 391 3148 caede
411 3088 646 3147 clarissimorum
662 3088 794 3149 virorum
810 3092 879 3152 luit:
901 3098 964 3151 tum
976 3093 1100 3155 Catonis

125 3172 205 3231 lilius
226 3172 349 3240 cecidit;
371 3172 478 3230 eadem
498 3171 654 3229 Lucullum
668 3170 939 3248 Hortensiumque,
963 3177 1098 3238 eminen-

126 3256 309 3315 tissimorum
325 3255 433 3313 civium
448 3254 544 3323 lilios,
560 3255 681 3312 fortuna
697 3255 836 3327 abstulit;
853 3274 920 3316 nam
932 3260 1042 3332 Varro,
1059 3262 1100 3321 ad

126 3337 287 3399 ludibrium
306 3339 468 3398 moriturus
490 3336 617 3408 Antoni,
638 3337 730 3410 digna
750 3340 801 3399 illo
817 3356 853 3400 ac
872 3356 945 3398 vera
960 3341 999 3401 de
1014 3344 1100 3403 exitu

99 3421 194 3483 telus
214 3438 411 3498 magnacum
431 3422 567 3480 libertate
586 3421 736 3479 ominatus
757 3430 813 3481 est.
848 3424 967 3482 Drusus
982 3423 1099 3493 Livius,
