2266 3832
139 167 180 230 58
486 169 701 228 EU'PROPll

139 336 246 397 brinam
266 352 354 395 suam.
387 333 422 393 Hi
438 334 544 394 bellum
564 343 661 395 contra
679 333 797 394 Parthos
815 344 995 413 gesseruut,
1017 340 1065 416 qui

141 429 207 499 post
221 420 367 479 victoriam
379 416 490 478 Traiani
502 427 560 478 tum
577 419 695 496 primum
712 415 933 482 rebellaverant.
970 419 1064 481 Verus

139 503 297 563 Antoninus
316 502 353 564 ad
371 501 400 562 id
412 501 559 581 profectus
579 511 632 564 est.
665 501 720 575 Qui
742 500 912 562 Antioohiae
935 513 968 564 et
987 505 1064 565 circs

137 588 298 647 Armeniam
313 604 403 665 agens
415 585 501 647 multa
515 603 567 664 per
581 585 668 646 duces
681 594 710 645 et
720 586 990 665 ingentiapatravit.
1011 588 1062 647 Se·

137 671 275 748 lcuciam,
298 668 433 746 Assyriae
446 670 544 730 urbem
555 669 773 745 nobilissimam,
795 686 858 728 cum
870 668 1065 749 quadraginta

137 755 251 814 milibus
275 755 417 814 hominum
439 755 525 832 cepit.
558 752 715 813 Parthicum
739 751 908 831 triumphum
933 756 1062 815 revexit

87 846 115 887 Ρ
138 836 306 898 cumfratre
318 837 478 917 codemque
490 855 593 899 socero
606 837 796 915 triumphavit.
833 835 911 896 Obiit
922 839 1062 899 tamenin

71 914 129 958 ⁰··N
90 922 272 1024 &Venetia
296 939 359 981 cum
376 920 563 982 aConcordia
584 923 698 982 ciuitate
713 918 836 980 Altinum
851 920 1060 998 proficiscere-

79 982 182 1066 169’ῐιιι
190 1014 218 1064 et
226 1022 288 1065 oum
302 1005 408 1065 fratre
400 1024 428 1065 m
438 1005 573 1066 vehiculo
585 1005 708 1082 sederet,
716 1004 959 1083 subitosanguine
972 1006 1059 1082 ictus,

138 1107 206 1149 casu
221 1088 322 1165 morbi,
343 1107 428 1168 quem
438 1086 539 1150 Graeci
551 1050 734 1168 ἄπόπληξιν
749 1095 862 1147 vocant
906 1087 988 1147 Vir·
977 1106 1060 1169 mge-

137 1174 176 1232 nii
192 1189 289 1250 parurn
312 1172 415 1250 civilis,
438 1175 598 1234 reverentia
619 1181 711 1233 tamen
730 1172 823 1232 fratris
837 1170 908 1232 nihil
930 1190 1060 1272 unquam

138 1266 219 1317 atrox
236 1275 331 1317 ausus.
367 1255 438 1319 (lum
451 1259 560 1318 obisset
572 1256 750 1317 undecimo
742 1256 852 1334 imperii
867 1271 960 1334 anno,
985 1258 1060 1317 iuter

139 1340 392 1402 deosralatusest.

198 1467 285 1527 cnr.
302 1466 353 1526 Xl.
371 1465 452 1548 (Vl.)
481 1466 549 1527 Post
573 1486 636 1527 cum
654 1465 766 1526 hiarcus
786 1465 947 1526 Antoninus
973 1466 1057 1528 solus

138 1549 350 1628 rempublicam
366 1553 471 1628 tenuit,
489 1552 547 1626 vir,
569 1569 653 1630 quem
661 1552 754 1610 mirari
766 1549 876 1610 facilius
890 1552 957 1629 quis
969 1568 1057 1631 ιῐιιιιιιι

139 1634 254 1696 laudare
266 1634 368 1712 possit.
390 1632 563 1713 Aprincipio
575 1637 651 1695 vitae
662 1631 921 1712 tranquillissimus,
937 1633 1017 1696 adeo
1029 1644 1060 1696 ut

138 1720 167 1779 in
182 1718 295 1779 infantia
307 1732 422 1797 quoquc
432 1718 538 1780 vultum
549 1737 603 1779 nec
617 1734 653 1778 ex
663 1718 785 1796 gaudio,
804 1735 859 1777 nec
872 1734 910 1779 ex
919 1734 1059 1780 moerore

138 1804 258 1863 mutarit.
278 1801 479 1880 Philosophiae
491 1802 601 1863 deditus
615 1804 740 1880 Stoicae,
765 1805 829 1880 ipse
841 1802 926 1861 etiam
936 1818 997 1862 nou
1009 1819 1057 1864 so·

138 1885 196 1946 lum
205 1887 281 1946 vitae
292 1887 428 1963 moribus,
441 1886 493 1946 sed
505 1889 588 1946 ctiam
599 1886 756 1946 eruditione
764 1884 964 1964 philosophus.
980 1884 1058 1948 Tau·

136 1980 184 2030 tae
194 1969 383 2031 admirationis
396 1970 487 2031 adhuc
498 1972 620 2047 iuvenis,
633 1979 663 2029 ut
675 1988 738 2029 eum
754 1985 956 2030 successorem
970 1987 1057 2049 para·

136 2057 209 2115 verit
220 2052 374 2116 Hadrianus
390 2054 567 2134 relinquere,
585 2054 718 2132 adoptato
735 2062 828 2114 tamen
844 2053 990 2114 Antonino
1002 2053 1056 2114 Pio

136 2157 271 2216 generum
296 2158 362 2200 esse
381 2141 409 2199 ei
426 2138 675 2215 idcircovoluerit,
695 2145 724 2197 ut
737 2135 1056 2217 hooordineadimpe·

136 2224 207 2282 rium
219 2226 391 2301 perveniret

203 2348 291 2407 Gar.
308 2346 372 2408 Xll
395 2346 541 2408 institutus
558 2357 603 2408 est
617 2348 651 2409 ad
670 2294 878 2427 philosophiam
896 2364 950 2424 per
959 2344 1043 2425 Apol

135 2431 240 2491 lonium
255 2429 491 2508 Chalcedonium,
513 2431 548 2492 ad
567 2434 712 2492 scientiam
726 2431 868 2492 literarum
880 2429 1055 2492 Graecarum

136 2533 189 2593 per
207 2514 321 2575 Sextum
337 2513 583 2592 Chaeronensem,
605 2514 745 2576 Plutarchi
765 2524 915 2593 nepotem,
936 2512 1055 2576 Latinas

136 2607 228 2659 autem
238 2598 335 2658 literas
343 2617 407 2658 eum
418 2597 535 2676 Fronto,
549 2610 644 2660 orator
654 2600 857 2676 nobilissimus,
869 2598 976 2659 docuit.
996 2596 1056 2658 liic

136 2701 199 2742 cum
211 2682 339 2742 omnibus
351 2682 459 2743 Romae
478 2699 571 2761 aequo
587 2686 649 2744 iure
661 2685 736 2761 egit,
762 2683 797 2743 ad
810 2681 913 2743 nullam
923 2679 1053 2742 insolen-

135 2768 201 2826 tiam
220 2767 310 2827 elatus
326 2768 436 2844 imperii
458 2767 590 2845 fastigio,
614 2766 790 2827 liberalitatis
809 2767 1052 2846 promptissimae.

137 2849 300 2910 Provincias
322 2852 429 2928 ingenti
448 2851 623 2928 benignitate
645 2860 673 2910 et
693 2849 888 2911 moderatione
907 2851 1051 2910 tractavit.

136 2931 239 2994 contra
261 2931 413 2993 Germanos
437 2952 472 2994 eo
497 2936 625 3013 principe
648 2953 695 2996 res
707 2933 830 2996 feliciter
849 2942 949 3013 gestae
973 2940 1052 2993 sunt.

135 3015 244 3076 bellum
260 3019 324 3095 ipse
340 3036 424 3077 anum
444 3020 536 3096 gessit
552 3018 820 3095 Marcomannicum,
848 3017 899 3077 sed
916 3025 1052 3096 quantum

134 3100 209 3161 nulla
225 3103 359 3161 memoria
376 3101 443 3177 iuit,
460 3102 533 3161 adeo
548 3111 578 3160 ut
594 3100 707 3162 Punicis
723 3103 892 3162 conferatur.
921 3099 994 3161 Nam
1011 3117 1051 3161 eo

133 3185 249 3264 gravius
264 3193 309 3244 est
326 3185 444 3260 iactum,
469 3185 545 3262 quod
563 3187 687 3245 universi
706 3187 849 3246 exercitus
860 3185 980 3245 Romani
998 3202 1051 3263 pe-

134 3270 248 3330 rierant.
286 3268 345 3328 Sub
362 3268 418 3347 hoc
437 3271 509 3328 enim
524 3277 616 3329 tantus
637 3287 719 3330 casus
736 3271 915 3347 pestilentiae
932 3268 998 3344 fuit,
1019 3277 1052 3330 ut

135 3363 202 3424 post
211 3354 359 3413 victoriam
369 3351 512 3412 Persicam
523 3352 631 3413 Romae
643 3371 678 3414 ac
687 3371 741 3428 per
752 3351 860 3413 ltaliam
871 3352 1052 3430 provincias·
