2266 3832
96 185 138 248 20
451 198 736 249 rnomnrmonn.

96 362 224 440 captam
234 350 349 417 urbem
367 351 609 415 aPraenestina
630 373 704 414 arce
715 352 884 436 prospexit
901 362 934 419 et
952 375 973 418 a
994 356 1102 420 vicen·

97 439 178 503 simo
189 438 296 524 lapide
310 434 419 499 oculos
431 435 577 582 trepidae
593 436 734 499 civitatis
751 435 839 534 iumo
849 438 1039 539 aepulpere
1056 440 1101 503 in.

52 523 208 671 ²5plpmt.
234 522 348 586 eodem
364 529 478 605 postea
512 541 540 582 rs
558 528 655 583 exuto
674 527 805 598 castris,
824 517 876 583 b1s
890 543 1004 587 saucro
1020 532 1053 588 et
1068 525 1101 590 in

145 607 268 669 aeciam
279 625 371 668 suam
382 613 472 667 trans
484 625 572 666 mare
584 624 622 666 ac
632 612 736 666 terras
748 603 870 686 fugato,
883 628 951 691 pax
963 615 997 670 et
1009 609 1100 708 quies

96 700 128 753 et
140 698 231 753 tanta
248 688 288 753 de
307 687 560 772 opulentissimis
576 696 624 752 tot
635 686 786 771 gentibus
804 689 923 772 spolia,
947 698 984 755 ut
999 699 1100 757 moto·
1116 697 1127 738 ⁵

52 775 177 836 acriam
198 794 289 836 suam
306 772 486 834 Romanon
503 779 642 856 caperet.
676 792 738 835 nec
758 771 844 835 enim
866 782 991 840 temere
1015 774 1102 840 ullus

94 855 259 941 pulchrior
282 857 316 918 in
336 853 451 918 urbem
474 864 529 918 aut
550 855 726 939 speciosior
746 856 928 941 triumphus
953 860 1099 924 intravit.

48 932 83 984 ²⁷
94 948 169 1004 ante
185 938 271 1003 hunc
288 939 374 1004 diem
391 937 473 1001 nihil
481 947 614 1087 praeter
626 960 745 1023 pecora
755 939 968 1022 Vulscorum,
979 964 1099 1029 greges

94 1021 302 1103 Sabinorum,
315 1031 469 1108 carpenta
513 1021 664 1104 allorum,
679 1023 784 1108 fracta
799 1022 993 1091 Samnitium
1007 1048 1099 1091 arma

93 1106 252 1170 vidisses:
275 1116 344 1170 tum
362 1108 390 1169 si
408 1106 554 1190 captivos
565 1107 744 1191 aspiceres,
763 1107 914 1190 Molossi,
933 1109 1096 1193 Thessali,
1105 1118 1127 1160 ¹⁰

93 1189 304 1271 Macedones,
328 1191 481 1270 Brittios,
504 1189 630 1290 Apulus
648 1191 753 1338 adqpe
770 1191 940 1276 Lucanus3
961 1195 993 1295 si
1010 1216 1098 1282 pom·

53 1274 1098 1443 atttrdtt’„tttlttntt”tdltlldttttttttt

95 1463 191 1527 quam
202 1441 290 1523 illas,
309 1463 388 1527 quas
400 1443 447 1505 ita
456 1442 622 1519 timuerat,
641 1463 714 1504 cum
730 1442 873 1507 turribus
892 1445 961 1509 suis
970 1384 1095 1527 beluas,

94 1546 176 1609 quae
200 1545 266 1587 non
287 1526 356 1589 sine
379 1547 476 1589 sensu
495 1525 693 1608 captivitatis
713 1526 893 1591 summissis
908 1527 1126 1595 cervicibus

92 1607 233 1671 victores
247 1629 345 1693 equos
358 1606 586 1693 sequebantur.

339 1774 455 1839 XHII.
477 1775 665 1840 BELLVM
674 1774 847 1840 PICENS.

39 1896 80 1960 19
180 1893 294 1956 Omnis
310 1917 387 1958 mox
403 1894 500 1958 Italia
520 1916 633 1981 pacem
650 1894 817 1958 habuit—
827 1895 906 1981 quid
923 1896 1010 1960 enim
1024 1905 1099 1982 post

94 1974 270 2040 Tarentum
286 1977 393 2043 moliri
408 1977 588 2044 auderent?
599 2017 643 2028 —
660 1978 724 2042 nisi
741 1978 827 2063 quod
841 1977 926 2043 ultro
942 1980 1098 2066 persequi

66 2060 198 2125 asocios
215 2060 356 2126 hostium
373 2063 504 2148 placuit.
542 2063 655 2127 domiti
679 2083 756 2145 ergo
773 2061 924 2126 Picentes
948 2071 982 2126 et
998 2072 1128 2148 capulo

92 2146 199 2226 gentis
228 2146 386 2210 Asculum
409 2146 598 2232 Sempronio
621 2146 718 2225 duce,
752 2146 808 2230 qui
831 2154 990 2210 tremente
1011 2145 1098 2211 inter

91 2227 252 2310 proelium
264 2228 377 2315 campo
390 2229 555 2294 Tellurem
568 2229 662 2293 deam
678 2230 837 2316 promissa
849 2229 929 2293 aede
941 2227 1096 2315 placavit.

271 2392 347 2457 xv.
376 2393 561 2457 annuum
581 2362 911 2457 snnnnumuun

38 2519 79 2580 20
175 2520 346 2586 Sallentini
353 2523 541 2588 Picentibus
550 2525 653 2589 additi
660 2535 820 2612 caputque
832 2527 976 2610 regionis
990 2525 1096 2590 Brun-

93 2604 211 2668 disium
225 2606 336 2670 inclito
347 2617 444 2691 portu
454 2607 498 2671 M.
511 2609 613 2672 Atilio
626 2609 718 2673 duce.
742 2611 777 2673 in
787 2609 849 2675 hoc
861 2609 1035 2674 certamine
1046 2611 1128 2674 tri-²⁵

93 2688 213 2751 ctoriae
230 2691 370 2773 pretium
391 2691 546 2775 templum
565 2692 628 2756 sibi
648 2695 793 2778 pastoria
810 2692 907 2756 Pales
933 2691 1019 2757 ultro
1037 2713 1095 2779 pc-

93 2780 206 2854 poscit.

278 2905 371 2969 XVI.
397 2905 583 2974 BELLVM
593 2908 902 2975 VOLSINIENSE.

37 3015 76 3076 21
176 3016 336 3083 Postremi
349 3019 537 3086 Italicorum
554 3025 589 3087 in
600 3025 697 3088 fidem
710 3047 830 3090 venere
844 3017 999 3107 Volsinii,
1017 3047 1095 3112 opu·

92 3099 263 3164 lentissimi
275 3101 502 3186 Etruscorum,
523 3106 556 3168 in
581 3107 722 3172 lorantes
744 3131 837 3195 opem
856 3109 1013 3172 adversus
1027 3131 1126 3178 ser-so

92 3204 151 3249 vos
170 3185 332 3269 quondam
349 3208 440 3268 suos,
485 3190 519 3252 ui
538 3130 721 3256 lilrertatem
739 3214 758 3255 a
776 3192 915 3256 dominis
932 3192 1041 3256 datam
1058 3193 1094 3255 in

93 3267 181 3350 ipsos
200 3278 370 3332 erexerant
384 3211 606 3357 trandlataque
626 3276 660 3336 in
683 3297 718 3338 sc
738 3297 774 3338 re
794 3274 927 3360 publica
950 3275 1092 3339 domina-

93 3347 221 3476 bantup.
250 3352 307 3416 sed
330 3352 367 3416 hi
384 3377 511 3442 quoque
528 3355 608 3419 due
627 3356 731 3412 lla-lie
744 3357 882 3440 ‘surpite
899 3379 1021 3440 poenas
1038 3357 1093 3423 de·

94 3447 194 3496 „rcum
212 3483 220 3492 ,
