2266 3832
393 732 516 848 thl
552 731 734 851 thoth

86 951 480 1055 EPITOMAE
509 951 606 1046 DE
634 948 813 1045 ΤΙΤΟ
841 948 1045 1047 LIVIO

166 1150 413 1225 BELLORV'M
427 1147 609 1216 OMNIVM
625 1145 850 1215 ANNORVM
867 1145 960 1213 DCC

478 1320 595 1381 nram
611 1320 647 1378 11.

226 1537 367 1600 Karrrn
389 1553 485 1598 nram
506 1552 543 1598 11.

225 1619 279 1684 De
297 1618 425 1711 legibus
448 1617 659 1684 Gracchanis.

222 1701 345 1769 Seditio
368 1701 480 1766 Tiberi
500 1701 650 1767 Gracchi.

224 1784 347 1857 Seditio
369 1785 407 1853 C.
430 1785 581 1850 Gracchi.

222 1868 345 1935 Seditio
367 1869 559 1954 Apuleiana.

190 1957 193 1961 ’
221 1951 345 2019 Seditio
365 1952 539 2025 Drusiana.

218 2036 348 2109 Bellum
369 2036 526 2107 adversus
548 2036 663 2100 socios.

220 2119 350 2187 Bellum
372 2120 502 2185 servile.

145 2250 153 2266 .
221 2203 350 2276 Bellum
367 2201 579 2302 Spartacium.

55 2284 170 2351 VIIII.
222 2287 351 2352 Bellum
372 2287 469 2352 civile
491 2287 683 2351 Marianum.

55 2368 104 2434 X
220 2369 348 2436 Bellum
368 2369 598 2435 Sertorianum.

55 2452 121 2517 XI.
222 2452 352 2523 Bellum
372 2454 468 2518 civile
486 2453 546 2521 sub
567 2451 702 2537 Lepido.

56 2534 139 2601 XII.
224 2536 354 2603 Bellum
375 2536 545 2607 Catilinae.

55 2618 157 2693 XIII.
220 2619 349 2686 Bellum
371 2620 468 2685 civile
490 2621 639 2687 Caesaris
661 2628 693 2683 et
714 2619 859 2705 Pompei.

55 2702 174 2769 XIIII.
222 2702 352 2768 Bellum
374 2704 524 2769 Caesaris
541 2704 693 2789 Augusti.

55 2785 135 2851 XV.
219 2787 349 2852 Bellum
370 2787 563 2854 Mutinense.

56 2868 151 2935 XVI.
214 2869 349 2943 ,Bellum
371 2872 572 2937 Perusinum.
604 2871 852 2937 Triumviratus.

54 2950 169 3019 XVII.
222 2953 351 3021 Bellum
371 2955 465 3023 Cassi
486 2966 517 3021 et
536 2957 640 3020 Bruti.

55 3035 186 3103 XVIII.
219 3037 347 3104 Bellum
368 3061 441 3104 cum
463 3038 562 3104 Sexto
583 3040 665 3105 Pom
688 3041 748 3106 eio.

54 3118 205 3185 XVIIII.
216 3120 345 3191 Bellum
365 3122 552 3189 Parthicam
571 3125 630 3189 sub
683 3125 814 3192 antidio,

56 3203 137 3268 XX.
223 3204 351 3270 Bellum
371 3206 559 3271 Parthicum
578 3206 637 3272 sub
658 3209 811 3272 Antonio.

56 3286 155 3353 XXI.
221 3287 349 3353 Bellum
371 3313 443 3355 cum
463 3292 606 3357 Antonio
629 3302 660 3356 et
683 3291 864 3376 Cleopatra.

56 3370 171 3437 XXII.
220 3371 349 3439 Bellum
369 3375 533 3440 Noricum.

98 3480 214 3523 noavs.

55 1702 103 1767 11.

56 1785 121 1851 ΠΙ.

56 1867 140 1935 IIII.

56 1952 100 2018 V.

56 2034 118 2101 VL

56 2118 136 2183 VII.

56 2201 143 2269 VIII
