2266 3832
366 210 756 301 11‚7-9[111,19-21].
1018 219 1061 285 73

55 380 215 525 ᾱοὶιιξῖᾓε
236 377 395 459 'l'horani3
416 386 580 463 totamque
599 391 820 465 pervagantur
837 380 1059 468 Campaniam.

55 484 121 528 nec
167 463 174 477 ⁸
202 480 295 525 arum
314 461 420 546 adque
447 462 594 526 vicorum
615 466 796 529 vastatione
826 468 969 530 contenti
995 467 1060 531 No-

54 548 125 611 lam
146 552 244 630 atque
265 543 453 624 Nuceriam,
476 543 617 611 Thurios
638 555 672 609 at
694 568 735 611 ue
758 547 846 612 Meta
870 558 981 614 ontum
997 560 1061 614 ter-

54 628 149 695 ribili
173 635 283 711 strage
306 627 512 712 populantur.
535 628 690 693 adfluentr
714 652 754 694 us
779 633 814 694 in
867 632 929 695 'em
957 634 1088 717 copiiss

18 731 133 778 scum
164 712 230 774 iam
253 719 339 773 esset
367 711 471 774 iustus
500 714 677 793 exercitus,
709 734 727 776 e
757 713 936 778 viminibus
964 736 1060 799 pecu-

56 796 201 880 dumque
223 794 418 878 tegumentis
438 793 621 858 inconditos
644 795 707 860 sibi
739 796 781 861 cli
805 818 876 878 eos,
906 818 949 861 ex
973 798 1060 863 ferro

56 875 297 963 ergastulorum
316 886 443 941 recocto
471 876 599 960 gladios
623 899 662 942 ac
683 879 750 943 tela
773 819 930 946 dcerunt.
959 902 1089 952 acuar

56 960 147 1048 quod
174 959 273 1024 decus
301 961 387 1025 iusto
417 959 545 1024 deesset
574 963 747 1044 exercitui,
783 962 914 1027 domitis
953 962 1061 1028 obviis

57 1045 158 1109 stiam
178 1041 335 1127 gregibus
356 1050 489 1128 paratur
512 1046 689 1128 equitatus,
717 1067 757 1110 ca
778 1053 813 1109 ta
834 1067 876 1110 ue
901 1046 942 1110 de
969 1068 1061 1131 prae-

21 1126 184 1193 tutoribus
204 1126 347 1211 insignia
368 1135 400 1189 et
420 1126 527 1189 fasces
548 1126 591 1191 ad
612 1127 727 1192 ducem
749 1068 905 1193 detulere.
927 1150 988 1193 nec
1005 1130 1093 1202 aba

54 1210 130 1277 nuit
152 1208 209 1273 ille
231 1208 272 1273 ds
295 1208 505 1294 stipendiario
528 1209 654 1273 Thrace
674 1211 784 1292 miles,
814 1210 856 1275 de
880 1212 983 1275 milite
1006 1213 1060 1277 de-

56 1300 181 1374 sertor,
206 1291 247 1355 da
266 1292 431 1357 desertore
448 1292 546 1372 latro,
571 1292 688 1357 deinde
710 1296 745 1357 in
765 1293 920 1359 honorem
940 1296 1061 1359 virium

79 1375 230 1441 ladiator.
260 1376 338 1461 quin
366 1374 592 1440 defunctorum
624 1397 751 1462 quoque
780 1376 904 1475 proelio
938 1376 1086 1441 ducuma

118 1478 175 1523 era
195 1460 425 1541 imperatorum
443 1457 622 1522 celebravit
649 1461 828 1546 exsequiis,
849 1461 1062 1546 captivosque

23 1544 151 1612 iscirca
173 1562 290 1625 rogum
310 1541 407 1604 iussit
426 1542 525 1604 armis
547 1541 587 1605 de
610 1563 749 1626 agnam,
775 1544 868 1641 quasi
888 1542 985 1627 plane
1007 1564 1062 1606 ex·

54 1626 205 1713 picturus
225 1644 319 1688 omne
342 1624 552 1708 praeteritum
597 1623 731 1706 edecus,
761 1648 791 1689 si
811 1625 853 1689 de
880 1624 1062 1710 gladiatore

53 1708 260 1773 munerarius
277 1705 408 1769 bustum
425 1706 568 1769 fecisset.
586 1706 662 1770 inde
678 1709 745 1771 iam
763 1706 966 1773 consularem
984 1729 1061 1806 quo·
1074 1728 1110 1779 lo

55 1813 122 1879 que
225 1810 317 1852 essus
341 1791 376 1851 in
392 1790 423 1851 A
446 1790 564 1873 penino
581 1789 713 1854 Lentuli
731 1791 910 1855 exercitum
933 1790 1061 1872 oec1dit,

55 1874 146 1961 apud
202 1873 325 1936 aunam
345 1810 445 1935 Publi
465 1870 561 1936 Cassi
582 1882 689 1936 eastra
710 1873 842 1938 delevit.
866 1872 985 1958 quibus
998 1872 1061 1936 ela
1075 1893 1103 1942 ιι

21 1966 112 2022 notus
128 1956 275 2020 victoriis
297 1952 338 2019 de
361 1954 547 2018 invadenda
566 1954 647 2019 urbe
669 1956 967 2040 Romana—quod
983 1956 1061 2018 satis

55 2048 108 2105 est
135 2037 330 2123 turpitudini
356 2046 487 2103 nostrae
507 2075 551 2087 -
581 2037 784 2103 deliberavit.
813 2038 945 2102 tandem
975 2039 1062 2102 enim
1074 2045 1108 2093 12

53 2124 134 2189 totis
157 2122 286 2206 imperii
306 2120 433 2185 viribus
455 2129 569 2185 contra
590 2120 827 2206 myrmillonem
851 2130 1061 2218 consurgrmt,

54 2206 278 2303 pudoremque
303 2203 485 2269 Romanum
505 2203 651 2268 Licinius
682 2203 821 2268 Crassus
850 2204 1013 2285 adseruit3
1042 2225 1063 2266 a

55 2309 123 2377 quo
147 2287 234 2373 pulsi
256 2286 361 2370 fugati
384 2308 425 2350 ue
440 2324 484 2336 -
501 2287 602 2371 pudet
626 2286 734 2351 dicere
749 2287 919 2351 -hostes
942 2288 978 2350 in
1006 2308 1062 2350 ex·

21 2380 164 2439 astrema
184 2368 300 2434 Italiae
320 2310 521 2455 relbgerunt.
553 2369 600 2434 ibi
623 2371 710 2433 circa
730 2370 884 2435 Brittium
903 2369 1060 2454 angulum
1072 2383 1107 2435 13

55 2455 153 2537 clusi,
183 2474 257 2518 cum
277 2451 390 2537 fugam
410 2454 446 2516 in
467 2452 612 2517 Siciliam
632 2462 784 2538 pararent
800 2474 906 2540 neque
927 2454 1062 2537 navigia

55 2560 96 2605 su
118 2545 280 2639 peterent,
301 2543 452 2622 ratesque
474 2557 516 2600 ex
535 2536 683 2601 trabibus
701 2545 733 2601 et
746 2536 840 2602 dolea
855 2557 981 2602 conexa
997 2538 1062 2600 vir·

113 2630 156 2685 trs
177 2620 384 2706 rapidissimo
413 2619 497 2682 freto
519 2618 642 2683 frustra
663 2622 903 2705 experirentur,
929 2619 1061 2683 taudem

56 2726 116 2770 eru
138 2705 227 2769 tione
249 2703 337 2768 facta
357 2703 458 2787 digna
472 2703 553 2766 viris
575 2702 685 2768 obiere
703 2712 807 2768 morte
824 2712 870 2784 at,
895 2703 982 2788 quod
1000 2702 1060 2767 sub
1075 2717 1107 2768 14

22 2808 49 2853 so
80 2726 239 2853 ladietore
261 2787 344 2852 duca
365 2785 523 2871 oportuit,
543 2787 614 2850 sine
635 2787 789 2851 missione
803 2795 984 2870 pugnatum
1001 2794 1062 2849 est.

56 2808 234 2957 dpmacus
254 2872 325 2955 ipse
353 2870 389 2933 in
416 2870 521 2954 primo
548 2870 678 2954 agmine
706 2870 883 2934 fortissime
904 2868 1062 2932 dimicans

55 2954 153 3042 quasi
173 2954 350 3039 imperator
371 2954 499 3018 occisus
523 2962 583 3017 est.

167 3084 280 3153 VIIII.
312 3084 498 3150 BELLVM
521 3084 674 3151 CIVILE
701 3084 957 3149 MARIANVM.

141 3205 216 3271 Hoc
236 3206 349 3271 deerat
374 3226 474 3269 unum
500 3205 611 3351 populi
638 3205 777 3269 Romani
803 3204 913 3285 malis,
940 3213 976 3267 ut
996 3219 1047 3283 111,
1077 3212 1115 3274 21

24 3290 150 3359 siam·
175 3308 211 3353 se
227 3290 314 3354 intra
335 3310 370 3353 se
387 3287 552 3435 parricida
566 3309 584 3351 e
604 3287 705 3352 telum
726 3288 813 3352 domi
830 3288 1014 3370 stringeret,
1030 3293 1062 3348 et

56 3374 94 3439 in
111 3394 153 3437 ur
176 3373 320 3439 smedia
333 3392 372 3436 ac
402 3392 458 3435 oro
480 3371 574 3457 quasi
589 3370 712 3435 harena
732 3371 821 3434 cives
843 3390 917 3432 cnm
935 3367 1062 3432 civibus

59 3456 128 3523 ruis
156 3454 352 3541 gladiatorio
375 3475 464 3519 more
495 3463 733 3519 concurrerent.
767 3453 920 3524 aequiore
955 3453 1082 3515 animoa
