2266 3832
275 289 485 349 lllSTORIAE
506 290 700 351 ROMANAE
722 292 763 365 11,
785 300 829 353 to.
1004 291 1047 353 39

67 443 262 519 stipendium.
299 442 348 502 Ab
369 442 478 502 eadem
503 442 581 501 iactu
597 444 750 515 [Numidia
766 446 937 517 procinctu,
956 450 1078 519 equal

65 532 128 587 iam
142 528 211 587 olim
224 542 384 600 cognomen
398 530 503 585 virtute
516 534 643 601 partum
664 527 813 585 detulerat
824 528 970 599 Metellus]
986 529 1045 586 Nu-

65 610 206 670 midicus.
244 608 376 669 Ciliciam
398 608 570 684 perdomuit
590 608 761 681 Isauricus,
787 617 910 683 etpost
933 612 1047 671 boilum

64 693 282 753 Antiochinum
297 692 396 751 Vulso
410 692 542 751 Manlius
558 692 806 765 Gallograeciam.
838 693 996 769 Bithynia,
1014 703 1047 755 ut

66 776 290 851 praediximus,
317 783 498 836 testamento
524 776 698 834 Nicomedis
723 777 829 834 relicta
853 775 1044 835 hereditaria.

65 860 161 919 Divus
176 860 333 933 Augustus
357 866 476 934 praetcr
490 858 654 931 Hispanias
671 858 809 930 aliasque
829 860 943 930 gemis,
971 878 1045 934 qua·

66 960 133 1001 rum
145 943 238 1002 titulis
252 944 349 1001 lorum
362 942 428 1001 eius
442 942 598 1015 praenitet,
609 958 708 1014 paene
722 942 799 1000 idem
811 943 890 1001 lacta
900 945 1044 1020 Aegypto

66 1025 273 1100 stipendiaria,
290 1032 435 1099 quantum
450 1031 536 1098 pater
551 1024 617 1083 eius
634 1024 737 1083 Galliis
756 1026 785 1082 in
801 1027 950 1083 aerariam
965 1028 1044 1086 redi-

67 1116 115 1169 tus
128 1109 262 1168 contulit.
285 1110 325 1167 At
335 1110 378 1167 Ti.
388 1109 508 1180 Caesar,
525 1123 617 1182 quarn
632 1114 744 1165 certam
756 1108 900 1182 Hispanis
916 1108 1046 1184 parendi
1059 1107 1077 1161 3

66 1192 292 1251 contessionem
308 1199 480 1252 extorserat
494 1207 622 1265 parcns,
641 1190 753 1267 illyriis
768 1192 977 1267 Delmatisque
992 1210 1045 1252 ex·

66 1274 170 1343 torsit;
191 1276 349 1335 Rhoetiam
370 1283 469 1334 autem
485 1282 515 1333 ot
527 1274 708 1332 Vindelicos
731 1290 767 1333 ac
782 1274 910 1335 Noricos
925 1276 1044 1336 Panno-

65 1360 207 1433 niamque
228 1366 258 1417 et
279 1358 461 1419 Scordiscos
483 1374 580 1417 novas
602 1357 730 1430 imperio
756 1368 861 1418 nostro
889 1360 1046 1419 subiunxit

65 1442 257 1516 provincias;
287 1449 321 1501 ut
344 1443 401 1501 has
427 1444 534 1513 armis,
562 1442 601 1499 ita
623 1442 801 1501 auctoritate
817 1442 1045 1516 Cappadociam

65 1528 181 1599 populo
197 1528 334 1586 Romano
352 1526 421 1585 lecit
441 1523 678 1598 stipendiariam.
713 1523 773 1583 Sed
794 1534 982 1585 reuertamur
1004 1528 1043 1585 ad

65 1610 213 1669 ordinem.

146 1693 207 1751 XL.
235 1692 346 1753 Secuta
362 1694 472 1752 deinde
488 1694 539 1752 Cn.
551 1691 677 1765 Pompei
692 1690 811 1763 militia,
830 1693 945 1766 gloriae
960 1694 1075 1754 labo-l

63 1776 147 1835 risne
161 1776 284 1835 maioris
307 1778 452 1836 incertum
469 1784 524 1836 est.
556 1775 734 1835 Perictratue
751 1792 819 1835 curn
840 1776 965 1837 victoria
979 1777 1043 1836 Me-

64 1859 130 1932 dia,
145 1860 290 1931 Albania,
306 1861 420 1927 iberia;
443 1861 554 1919 deinde
570 1859 684 1918 flexum
700 1876 806 1933 agmen
824 1860 863 1919 ad
879 1876 932 1920 eas
948 1862 1043 1920 natio·

63 1959 136 2016 nes,
163 1959 241 2018 quac
264 1944 371 2003 dextra
392 1952 483 2019 atque
505 1945 607 2002 intima
627 1944 713 2002 Ponti
735 1944 884 2013 Incolunt,
913 1943 1042 2002 Colchos

64 2027 304 2102 llenioehosquc
327 2034 355 2085 et
369 2028 527 2099 Achaeos,
549 2035 579 2085 ct
600 2042 770 2101 oppressus
793 2027 940 2100 auspiciis
954 2027 1041 2086 Pom-

64 2110 131 2184 pei,
154 2110 271 2169 insidiis
293 2111 334 2169 lrli
355 2110 519 2169 Pharnacis
534 2111 741 2182 Mithridates,
763 2109 885 2168 ultimus
908 2110 1043 2168 omnium

63 2194 138 2254 iuris
160 2196 207 2252 sui
227 2210 331 2267 regum
356 2202 475 2268 praeter
496 2194 662 2253 Parthicos.
696 2194 769 2252 Tnm
791 2192 889 2252 victor
910 2192 1075 2253 ornainm2

63 2294 144 2351 quas
166 2278 283 2336 adierat
306 2278 439 2351 gentium
459 2278 622 2351 Pompeius
644 2292 765 2351 suoque
786 2282 817 2334 et
837 2276 948 2334 ciuium
970 2284 1041 2336 roto

64 2361 160 2419 maior
175 2368 205 2419 et
220 2376 275 2434 pcr
288 2362 387 2420 onmia
403 2363 552 2421 fortunam
569 2360 699 2419 hominis
715 2375 861 2433 egressus
875 2360 998 2419 revertit
1013 2361 1041 2418 in

62 2444 187 2502 ltaliam.
209 2444 302 2503 Cuius
314 2446 441 2503 reditum
455 2446 650 2504 favorabilem
664 2443 767 2517 opinio
781 2444 910 2511 lecerat;
928 2444 1074 2518 quippe3

65 2528 204 2601 plerique
225 2544 285 2587 non
308 2530 374 2586 sine
396 2529 532 2587 exercitu
553 2535 709 2586 uenturum
732 2528 762 2584 in
779 2526 884 2585 urbem
900 2528 1042 2587 adfirma-

61 2611 136 2670 bant
150 2618 179 2670 et
194 2612 321 2671 libertati
339 2612 478 2685 publicae
494 2619 673 2671 statuturum
689 2610 812 2669 arbitrio
829 2626 885 2670 suo
901 2611 1041 2675 modum;

64 2710 126 2769 quo
141 2696 238 2767 magis
254 2695 312 2754 hoc
328 2696 468 2755 homines
484 2696 656 2765 timuerant,
673 2711 710 2754 eo
727 2694 842 2767 gratior
856 2694 954 2753 civilis
970 2696 1042 2755 tanti

62 2777 255 2852 imperatoris
276 2780 392 2839 reditus
415 2780 482 2838 luit:
505 2780 586 2837 ormri
608 2779 723 2851 quippe
738 2778 891 2836 Brundusi
914 2776 1041 2837 dimisso

61 2860 199 2921 exercitu
221 2862 291 2921 nihil
314 2871 435 2937 piractcr
458 2878 567 2920 nomen
593 2862 784 2935 irriperatoris
810 2861 946 2919 retinens
973 2878 1042 2919 cum

63 2944 183 3017 privato
206 2946 349 3007 comitutu
371 2962 461 3020 quem
483 2961 606 3019 semper
627 2945 668 3003 iili
688 2961 785 3004 secum
807 2946 927 3003 trabere
948 2945 1042 3003 moris

62 3030 132 3101 luit,
153 3029 182 3087 in
198 3032 302 3090 urbem
319 3030 408 3087 rediit
428 3026 824 3103 magnificentissimiumqnc
839 3028 878 3084 de
898 3033 942 3084 tot
964 3028 1042 3098 regi-

61 3111 120 3171 bus
137 3128 192 3186 per
206 3114 332 3172 biduum
348 3112 410 3183 egit
428 3110 612 3186 triumphum
631 3114 783 3184 longeque
798 3112 942 3167 raaiarcm
960 3109 1041 3166 omni

60 3203 131 3255 aute
147 3212 183 3254 sc
198 3196 289 3253 inlata
306 3194 436 3267 pecunia
450 3193 478 3252 in
495 3195 660 3265 aerarium,
679 3202 891 3268 praeterquam
907 3191 1040 3263 aPaulo,

61 3294 100 3337 ex
122 3278 273 3337 uranubiis
295 3276 399 3335 intulit.
432 3278 568 3337 Absente
584 3278 636 3337 Cn.
652 3278 797 3350 Pompeio
817 3277 849 3333 T.
865 3276 996 3349 Ampius
1011 3276 1073 3334 eti

59 3362 92 3420 Τ.
109 3362 261 3420 Labienus
278 3359 388 3418 tribuni
404 3360 501 3432 plebis
516 3362 613 3435 legcm
629 3361 775 3431 tulerunt,
793 3369 825 3419 nt
840 3361 865 3420 is
882 3360 961 3417 indis
977 3358 1038 3416 Cir-

61 3446 206 3505 censibus
223 3459 338 3502 cnrona
354 3442 457 3501 laurea
472 3452 502 3502 ct
519 3445 599 3503 omni
615 3446 696 3504 cultu
713 3443 957 3517 triumphantium
975 3449 1038 3499 utc-

60 3537 158 3598 rctnr,
181 3526 313 3586 scenicis
329 3534 427 3584 autem
444 3532 599 3599 praetexta
615 3542 790 3601 coronaque
811 3540 920 3589 aurern
945 3526 974 3582 id
990 3525 1039 3583 iilc
