2266 3832
91 172 150 232 100
439 177 545 227 raom
569 177 735 245 arr-rous.

89 333 197 399 culum
219 353 336 418 gerens
355 350 452 414 super
465 329 640 410 cassidem,
662 327 821 411 agitatum
832 334 924 394 motu
936 330 1089 415 corporis,

88 416 250 482 flammam
270 414 360 478 velut
381 412 509 476 ardenti
529 413 635 499 capite
655 410 852 475 funditabat.

261 547 408 612 XXVII.
431 544 617 610 BELLVM
637 544 917 611 rflaaclcvnr.

48 684 81 735 17
174 669 317 732 Thraces
327 688 394 731 cam
407 674 504 729 antea
516 685 621 749 saepe,
631 672 700 728 tum
710 665 851 729 maxime
860 664 1091 733 Rhoemetalce

88 774 166 837 rege
188 751 403 815 desciverant.
425 748 482 812 ille
500 746 656 812 barbaros
677 754 709 811 et
723 748 825 833 signis
839 748 1039 815 minantur
1061 760 1110 815 et⁵

89 834 276 920 disciplina,
306 835 404 896 armis
431 831 529 896 etiam
553 831 709 895 Romanis
743 830 956 915 adsueverat3
991 842 1041 898 set
1072 855 1092 898 a

88 918 208 982 Pisone
229 916 402 1001 perdomiti
422 916 457 977 in
475 915 548 999 ipsa
568 914 757 1000 captivitate
771 914 897 979 rabiem
908 916 1089 982 ostendere.

88 1002 207 1087 quippe
233 1020 306 1063 cum
333 1006 464 1062 catenas
489 995 651 1062 morsibus
685 1004 897 1083 temptarent,
927 996 1096 1066 feritatem·

88 1105 179 1148 suam
199 1082 262 1167 ipsi
281 1079 467 1167 puniebant.

281 1213 444 1278 XXVHI.
472 1211 657 1277 BELLVII
676 1211 894 1279 DAOIOVM.
1096 1227 1119 1268 ¹⁰

46 1351 80 1402 18
172 1331 257 1396 Daci
283 1330 445 1397 montibus
476 1329 655 1394 inhaerent.
690 1329 768 1396 inde
801 1329 968 1396 Cotisonis
1001 1332 1090 1419 regis

88 1417 244 1502 imperio,
265 1416 413 1501 quotiens
440 1421 608 1479 concretus
637 1411 713 1497 gelu
741 1412 914 1479 Danuvius
937 1415 1091 1480 iunxerat

47 1500 193 1584 loripes,
227 1498 400 1562 decurrere
425 1495 572 1562 solebant
597 1504 629 1561 et
657 1497 766 1561 vicina
810 1497 948 1583 epulari.
982 1499 1091 1563 visum

89 1589 139 1645 est
158 1580 292 1646 Caesari
315 1581 465 1678 Augusto
487 1587 623 1725 {entem
650 1579 741 1644 aditu
757 1518 985 1647 ulficillimam
1006 1604 1091 1647 sum·

88 1685 230 1727 movere.
252 1665 352 1726 misso
371 1662 471 1746 rgitur
518 1662 627 1726 catulo
641 1662 728 1727 ultra
746 1661 934 1728 ulteriorem
946 1664 1091 1753 reppulit
1099 1680 1121 1721 ¹⁵

88 1747 208 1830 ripam3
229 1746 311 1808 citra
332 1745 497 1829 praesidia
519 1747 703 1809 constituta.
733 1746 781 1810 sic
806 1755 876 1811 tum
895 1746 1004 1812 Dacia
1024 1768 1092 1813 non

87 1829 189 1909 victa,
211 1828 268 1892 sed
288 1835 447 1892 summota
468 1836 565 1914 atque
588 1827 688 1892 dilata
707 1837 766 1892 est.

227 1963 409 2029 XXVIIII.
437 1964 623 2030 BELLVM
642 1964 947 2032 SARMATIOVM.

45 2092 79 2143 20
175 2081 341 2147 Sarmatae
382 2083 544 2148 atentibus
559 2105 629 2148 cam
652 2084 680 2147 is
693 2083 884 2182 inequitant.
907 2091 939 2148 et
952 2083 1012 2150 hos
1056 2108 1092 2152 er

90 2165 228 2230 eundem
245 2166 316 2230 Len
366 2189 420 2230 um
440 2167 612 2252 prohibere
668 2186 786 2231 anumo
809 2166 980 2232 satisfuit.
1069 2172 1079 2240 Ἀ
1097 2192 1123 2234 so

111 2259 217 2314 raeter
238 2252 331 2314 nives
352 2252 484 2335 pruinas
507 2273 548 2315 ue
571 2260 602 2314 et
623 2251 722 2314 silvas
743 2248 874 2315 habent.
904 2259 996 2316 tanta
1016 2252 1091 2319 bar·

88 2273 181 2397 haria
204 2341 267 2414 est,
294 2342 331 2397 ut
351 2354 412 2397 nec
431 2274 622 2418 intdllegant
639 2355 763 2419 pacem.

252 2461 367 2525 XXX.
399 2462 585 2530 BELLVM
606 2465 922 2532 GERMANIGVM.

44 2592 77 2642 21
173 2577 381 2642 Germaniam
403 2601 531 2666 quoque
551 2583 676 2645 utinam
699 2584 830 2648 vincere
850 2586 933 2649 tanti
948 2606 1015 2651 non
1030 2610 1089 2674 pu·

88 2660 205 2723 tasset!
228 2661 332 2744 magis
347 2664 485 2747 turpiter
498 2666 618 2729 amissa
637 2675 686 2730 est
708 2688 804 2752 quam
817 2666 960 2753 gloriose
972 2670 1016 2735 ad
1038 2673 1122 2737 ui-²⁵

45 2746 78 2796 22
89 2743 160 2806 sita.
180 2751 229 2806 set
243 2753 400 2829 quatenus
415 2745 538 2810 sciebat
551 2757 675 2832 patrem
690 2772 784 2814 suum
797 2750 834 2815 O.
849 2749 1024 2817 Caesarem
1060 2756 1089 2819 is

85 2834 308 2891 transvectum
324 2837 423 2912 ponte
441 2829 591 2894 Rhenum
610 2834 776 2917 quaesisse
792 2832 928 2917 bellum,
950 2836 986 2899 in
1000 2836 1089 2902 illius

86 2908 240 2991 honorem
257 2912 584 3010 concupieratfacere
596 2917 811 3001 provinciam
832 2927 864 2982 et
875 2918 998 2983 factum
1009 2930 1088 3002 erat,

87 2993 114 3054 i
125 2991 542 3061 barbaritamvrtianostra
553 3021 649 3084 quam
659 3000 887 3086 imperialeme
894 3004 1087 3088 potuissent.

170 3075 290 3140 Missus
311 3078 346 3141 in
368 3100 439 3143 eam
457 3083 658 3167 provinciam
675 3082 804 3148 Drusus
846 3088 945 3151 rimos
963 3086 1122 3152 domuitso

45 3160 79 3212 2³
89 3158 254 3245 Vsipetes,
282 3160 359 3226 inde
386 3162 564 3229 Tencteros
588 3168 751 3264 percurrit
774 3107 854 3234 etl)

89 3241 389 3309 Marcomannorum
405 3247 518 3345 spoliis
538 3257 569 3312 et
585 3250 768 3334 msIgnibus
786 3252 947 3337 quendam
963 3252 1085 3317 editum

45 3344 78 3392 rt
87 3326 244 3390 tumulum
255 3328 290 3391 in
309 3338 434 3415 tropaei
447 3330 577 3395 modum
598 3333 749 3398 excoluit.
773 3334 849 3399 inde
866 3335 1083 3400 validissimas

87 3410 235 3473 nationes
264 3410 437 3478 Cherusco
483 3413 573 3479 luebt
591 3439 653 3466 ’mu
699 3441 709 3480 ε
753 3416 929 3483 licambros
962 3418 1083 3505 pariter

856 3169 973 3234 atthos.
1011 3191 1086 3234 nam
