<?xml version="1.0" encoding="UTF-8"?>
<!DOCTYPE html PUBLIC "-//W3C//DTD XHTML 1.0 Transitional//EN"
    "http://www.w3.org/TR/xhtml1/DTD/xhtml1-transitional.dtd">
<html xmlns="http://www.w3.org/1999/xhtml" xml:lang="en" lang="en">
 <head>
  <title>
</title>
<meta http-equiv="Content-Type" content="text/html;charset=utf-8" />
  <meta name='ocr-system' content='tesseract 3.04.00' />
  <meta name='ocr-capabilities' content='ocr_page ocr_carea ocr_par ocr_line ocrx_word'/>
</head>
<body>
  <div class='ocr_page' id='page_1' title='image "./eutropiibreviar01crugoog_0355.png"; bbox 0 0 2266 3832; ppageno 0'>
   <div class='ocr_carea' id='block_1_1' title="bbox 105 218 903 303">
    <p class='ocr_par' dir='ltr' id='par_1_1' title="bbox 105 218 903 303">
     <span class='ocr_line' id='line_1_1' title="bbox 105 218 903 303; baseline -0.005 -22"><span class='ocrx_word' id='word_1_1' title='bbox 105 219 146 282; x_wconf 80' lang='lat'>52</span> <span class='ocrx_word' id='word_1_2' title='bbox 378 218 419 277; x_wconf 87' lang='lat' dir='ltr'>m.</span> <span class='ocrx_word' id='word_1_3' title='bbox 441 218 581 278; x_wconf 77' lang='lat' dir='ltr'>vacant</span> <span class='ocrx_word' id='word_1_4' title='bbox 601 220 815 280; x_wconf 82' lang='lat' dir='ltr'>rnruaouu</span> <span class='ocrx_word' id='word_1_5' title='bbox 898 296 903 303; x_wconf 25' lang='grc' dir='ltr'>Ι</span> 
     </span>
    </p>
   </div>
   <div class='ocr_carea' id='block_1_2' title="bbox 78 368 1107 3527">
    <p class='ocr_par' dir='ltr' id='par_1_2' title="bbox 78 368 1085 610">
     <span class='ocr_line' id='line_1_2' title="bbox 78 368 1083 444; baseline 0.006 -20"><span class='ocrx_word' id='word_1_6' title='bbox 78 374 92 424; x_wconf 92' lang='grc'>1</span> <span class='ocrx_word' id='word_1_7' title='bbox 189 371 249 428; x_wconf 91' lang='lat' dir='ltr'>LX.</span> <span class='ocrx_word' id='word_1_8' title='bbox 289 371 355 430; x_wconf 91' lang='lat' dir='ltr'>Non</span> <span class='ocrx_word' id='word_1_9' title='bbox 378 370 517 444; x_wconf 75' lang='lat' dir='ltr'>placebat</span> <span class='ocrx_word' id='word_1_10' title='bbox 536 368 625 428; x_wconf 87' lang='lat' dir='ltr'>Atiae</span> <span class='ocrx_word' id='word_1_11' title='bbox 647 370 732 430; x_wconf 89' lang='lat' dir='ltr'>matri</span> <span class='ocrx_word' id='word_1_12' title='bbox 751 368 954 444; x_wconf 84' lang='lat' dir='ltr'>Philippoque</span> <span class='ocrx_word' id='word_1_13' title='bbox 976 370 1083 430; x_wconf 92' lang='lat' dir='ltr'>vitrico</span> 
     </span>
     <span class='ocr_line' id='line_1_3' title="bbox 107 452 1085 526; baseline -0.001 -12"><span class='ocrx_word' id='word_1_14' title='bbox 107 454 182 514; x_wconf 90' lang='lat' dir='ltr'>adiri</span> <span class='ocrx_word' id='word_1_15' title='bbox 198 469 307 514; x_wconf 91' lang='lat' dir='ltr'>nomen</span> <span class='ocrx_word' id='word_1_16' title='bbox 321 453 492 512; x_wconf 84' lang='lat' dir='ltr'>invidiosae</span> <span class='ocrx_word' id='word_1_17' title='bbox 508 454 647 512; x_wconf 78' lang='lat' dir='ltr'>fortunae</span> <span class='ocrx_word' id='word_1_18' title='bbox 655 452 811 526; x_wconf 79' lang='lat' dir='ltr'>Caesaris,</span> <span class='ocrx_word' id='word_1_19' title='bbox 827 453 884 511; x_wconf 92' lang='lat' dir='ltr'>sed</span> <span class='ocrx_word' id='word_1_20' title='bbox 899 453 1085 513; x_wconf 79' lang='lat' dir='ltr'>adserebant</span> 
     </span>
     <span class='ocr_line' id='line_1_4' title="bbox 108 534 1083 610; baseline -0.002 -13"><span class='ocrx_word' id='word_1_21' title='bbox 108 537 252 597; x_wconf 85' lang='lat' dir='ltr'>salutaria</span> <span class='ocrx_word' id='word_1_22' title='bbox 268 535 454 610; x_wconf 90' lang='lat' dir='ltr'>reipublicae</span> <span class='ocrx_word' id='word_1_23' title='bbox 474 542 684 609; x_wconf 89' lang='lat' dir='ltr'>terrarumque</span> <span class='ocrx_word' id='word_1_24' title='bbox 706 536 790 596; x_wconf 90' lang='lat' dir='ltr'>orbis</span> <span class='ocrx_word' id='word_1_25' title='bbox 810 537 870 595; x_wconf 87' lang='lat' dir='ltr'>iata</span> <span class='ocrx_word' id='word_1_26' title='bbox 894 534 1083 595; x_wconf 90' lang='lat' dir='ltr'>conditorem</span> 
     </span>
    </p>

    <p class='ocr_par' dir='ltr' id='par_1_3' title="bbox 79 618 1085 1027">
     <span class='ocr_line' id='line_1_5' title="bbox 79 618 1082 694; baseline 0.004 -20"><span class='ocrx_word' id='word_1_27' title='bbox 79 623 420 694; x_wconf 71' lang='lat' dir='ltr'>uconservatoremque</span> <span class='ocrx_word' id='word_1_28' title='bbox 434 619 562 678; x_wconf 86' lang='lat' dir='ltr'>Romani</span> <span class='ocrx_word' id='word_1_29' title='bbox 578 618 719 677; x_wconf 92' lang='lat' dir='ltr'>nominis.</span> <span class='ocrx_word' id='word_1_30' title='bbox 752 618 874 693; x_wconf 87' lang='lat' dir='ltr'>Sprevit</span> <span class='ocrx_word' id='word_1_31' title='bbox 888 618 991 693; x_wconf 89' lang='lat' dir='ltr'>itaque</span> <span class='ocrx_word' id='word_1_32' title='bbox 1012 633 1082 678; x_wconf 88' lang='lat' dir='ltr'>coe-</span> 
     </span>
     <span class='ocr_line' id='line_1_6' title="bbox 107 701 1084 777; baseline 0.001 -16"><span class='ocrx_word' id='word_1_33' title='bbox 107 703 192 763; x_wconf 91' lang='lat' dir='ltr'>lestis</span> <span class='ocrx_word' id='word_1_34' title='bbox 217 701 336 762; x_wconf 91' lang='lat' dir='ltr'>animus</span> <span class='ocrx_word' id='word_1_35' title='bbox 361 701 493 761; x_wconf 91' lang='lat' dir='ltr'>humana</span> <span class='ocrx_word' id='word_1_36' title='bbox 515 701 642 761; x_wconf 91' lang='lat' dir='ltr'>consilia</span> <span class='ocrx_word' id='word_1_37' title='bbox 671 710 794 761; x_wconf 92' lang='lat' dir='ltr'>etcum</span> <span class='ocrx_word' id='word_1_38' title='bbox 820 702 956 777; x_wconf 89' lang='lat' dir='ltr'>periculo</span> <span class='ocrx_word' id='word_1_39' title='bbox 982 704 1084 777; x_wconf 90' lang='lat' dir='ltr'>potius</span> 
     </span>
     <span class='ocr_line' id='line_1_7' title="bbox 108 784 1084 861; baseline -0.002 -14"><span class='ocrx_word' id='word_1_40' title='bbox 108 802 226 847; x_wconf 90' lang='lat' dir='ltr'>summa</span> <span class='ocrx_word' id='word_1_41' title='bbox 240 802 332 859; x_wconf 92' lang='lat' dir='ltr'>quam</span> <span class='ocrx_word' id='word_1_42' title='bbox 338 791 403 846; x_wconf 91' lang='lat' dir='ltr'>tuto</span> <span class='ocrx_word' id='word_1_43' title='bbox 415 785 540 844; x_wconf 90' lang='lat' dir='ltr'>humilia</span> <span class='ocrx_word' id='word_1_44' title='bbox 551 784 712 861; x_wconf 89' lang='lat' dir='ltr'>proposuit</span> <span class='ocrx_word' id='word_1_45' title='bbox 720 784 982 860; x_wconf 90' lang='lat' dir='ltr'>sequimaluitque</span> <span class='ocrx_word' id='word_1_46' title='bbox 991 802 1084 845; x_wconf 91' lang='lat' dir='ltr'>avun-</span> 
     </span>
     <span class='ocr_line' id='line_1_8' title="bbox 108 867 1085 942; baseline 0 -13"><span class='ocrx_word' id='word_1_47' title='bbox 108 870 176 929; x_wconf 91' lang='lat' dir='ltr'>culo</span> <span class='ocrx_word' id='word_1_48' title='bbox 189 877 220 928; x_wconf 91' lang='lat' dir='ltr'>et</span> <span class='ocrx_word' id='word_1_49' title='bbox 232 870 354 929; x_wconf 83' lang='lat' dir='ltr'>Caesari</span> <span class='ocrx_word' id='word_1_50' title='bbox 368 868 407 928; x_wconf 91' lang='lat' dir='ltr'>de</span> <span class='ocrx_word' id='word_1_51' title='bbox 418 884 453 929; x_wconf 90' lang='lat' dir='ltr'>se</span> <span class='ocrx_word' id='word_1_52' title='bbox 465 885 555 942; x_wconf 87' lang='lat' dir='ltr'>quam</span> <span class='ocrx_word' id='word_1_53' title='bbox 570 868 676 928; x_wconf 91' lang='lat' dir='ltr'>vitrico</span> <span class='ocrx_word' id='word_1_54' title='bbox 689 868 830 941; x_wconf 89' lang='lat' dir='ltr'>credere,</span> <span class='ocrx_word' id='word_1_55' title='bbox 847 867 987 928; x_wconf 91' lang='lat' dir='ltr'>dictitans</span> <span class='ocrx_word' id='word_1_56' title='bbox 996 871 1085 929; x_wconf 87' lang='lat' dir='ltr'>netas</span> 
     </span>
     <span class='ocr_line' id='line_1_9' title="bbox 108 951 1085 1027; baseline 0 -15"><span class='ocrx_word' id='word_1_57' title='bbox 108 969 194 1024; x_wconf 88' lang='lat' dir='ltr'>esse,</span> <span class='ocrx_word' id='word_1_58' title='bbox 212 970 272 1026; x_wconf 86' lang='lat' dir='ltr'>quo</span> <span class='ocrx_word' id='word_1_59' title='bbox 287 951 855 1025; x_wconf 83' lang='lat' dir='ltr'>nomineCaesaridignusessetvisus,</span> <span class='ocrx_word' id='word_1_60' title='bbox 872 952 1085 1027; x_wconf 90' lang='lat' dir='ltr'>semetipsum</span> 
     </span>
    </p>

    <p class='ocr_par' dir='ltr' id='par_1_4' title="bbox 79 1034 1107 1361">
     <span class='ocr_line' id='line_1_10' title="bbox 79 1034 1086 1110; baseline -0.005 -10"><span class='ocrx_word' id='word_1_61' title='bbox 79 1049 97 1101; x_wconf 86' lang='lat'><strong>3</strong></span> <span class='ocrx_word' id='word_1_62' title='bbox 110 1036 205 1096; x_wconf 89' lang='lat' dir='ltr'>videri</span> <span class='ocrx_word' id='word_1_63' title='bbox 219 1036 384 1110; x_wconf 84' lang='lat' dir='ltr'>indignum.</span> <span class='ocrx_word' id='word_1_64' title='bbox 405 1036 494 1095; x_wconf 90' lang='lat' dir='ltr'>Hunc</span> <span class='ocrx_word' id='word_1_65' title='bbox 510 1034 647 1110; x_wconf 87' lang='lat' dir='ltr'>protinus</span> <span class='ocrx_word' id='word_1_66' title='bbox 661 1036 813 1096; x_wconf 86' lang='lat' dir='ltr'>Antonius</span> <span class='ocrx_word' id='word_1_67' title='bbox 828 1037 935 1094; x_wconf 91' lang='lat' dir='ltr'>consul</span> <span class='ocrx_word' id='word_1_68' title='bbox 951 1037 1086 1110; x_wconf 91' lang='lat' dir='ltr'>superbe</span> 
     </span>
     <span class='ocr_line' id='line_1_11' title="bbox 109 1117 1107 1194; baseline 0.004 -17"><span class='ocrx_word' id='word_1_69' title='bbox 109 1118 223 1194; x_wconf 89' lang='lat' dir='ltr'>excipit</span> <span class='ocrx_word' id='word_1_70' title='bbox 236 1127 351 1194; x_wconf 91' lang='lat' dir='ltr'>(neque</span> <span class='ocrx_word' id='word_1_71' title='bbox 365 1119 392 1178; x_wconf 93' lang='lat' dir='ltr'>is</span> <span class='ocrx_word' id='word_1_72' title='bbox 405 1127 470 1179; x_wconf 88' lang='lat' dir='ltr'>erat</span> <span class='ocrx_word' id='word_1_73' title='bbox 484 1125 690 1193; x_wconf 89' lang='lat' dir='ltr'>contemptus,</span> <span class='ocrx_word' id='word_1_74' title='bbox 708 1119 764 1178; x_wconf 92' lang='lat' dir='ltr'>sed</span> <span class='ocrx_word' id='word_1_75' title='bbox 776 1122 887 1189; x_wconf 89' lang='lat' dir='ltr'>metus)</span> <span class='ocrx_word' id='word_1_76' title='bbox 902 1117 1017 1194; x_wconf 88' lang='lat' dir='ltr'>vixque</span> <span class='ocrx_word' id='word_1_77' title='bbox 1033 1120 1085 1179; x_wconf 84' lang='lat' dir='ltr'>ad·</span> <span class='ocrx_word' id='word_1_78' title='bbox 1104 1176 1107 1181; x_wconf 90' lang='lat'><em>.</em></span> 
     </span>
     <span class='ocr_line' id='line_1_12' title="bbox 109 1201 1086 1278; baseline 0 -17"><span class='ocrx_word' id='word_1_79' title='bbox 109 1201 205 1262; x_wconf 91' lang='lat' dir='ltr'>misso</span> <span class='ocrx_word' id='word_1_80' title='bbox 220 1201 461 1278; x_wconf 89' lang='lat' dir='ltr'>inPompeianos</span> <span class='ocrx_word' id='word_1_81' title='bbox 476 1202 581 1262; x_wconf 90' lang='lat' dir='ltr'>hortos</span> <span class='ocrx_word' id='word_1_82' title='bbox 594 1201 739 1277; x_wconf 92' lang='lat' dir='ltr'>loquendi</span> <span class='ocrx_word' id='word_1_83' title='bbox 755 1218 859 1261; x_wconf 86' lang='lat' dir='ltr'>secum</span> <span class='ocrx_word' id='word_1_84' title='bbox 866 1208 984 1276; x_wconf 90' lang='lat' dir='ltr'>tempus</span> <span class='ocrx_word' id='word_1_85' title='bbox 993 1203 1086 1276; x_wconf 88' lang='lat' dir='ltr'>dedit,</span> 
     </span>
     <span class='ocr_line' id='line_1_13' title="bbox 110 1284 1088 1361; baseline -0.002 -15"><span class='ocrx_word' id='word_1_86' title='bbox 110 1302 182 1346; x_wconf 87' lang='lat' dir='ltr'>mox</span> <span class='ocrx_word' id='word_1_87' title='bbox 197 1285 287 1346; x_wconf 90' lang='lat' dir='ltr'>etiam</span> <span class='ocrx_word' id='word_1_88' title='bbox 302 1289 384 1347; x_wconf 88' lang='lat' dir='ltr'>velut</span> <span class='ocrx_word' id='word_1_89' title='bbox 403 1284 520 1346; x_wconf 88' lang='lat' dir='ltr'>insidiis</span> <span class='ocrx_word' id='word_1_90' title='bbox 541 1286 607 1345; x_wconf 90' lang='lat' dir='ltr'>eius</span> <span class='ocrx_word' id='word_1_91' title='bbox 629 1286 740 1361; x_wconf 89' lang='lat' dir='ltr'>petitus</span> <span class='ocrx_word' id='word_1_92' title='bbox 760 1286 892 1345; x_wconf 87' lang='lat' dir='ltr'>sceleste</span> <span class='ocrx_word' id='word_1_93' title='bbox 911 1285 1088 1345; x_wconf 90' lang='lat' dir='ltr'>insimulare</span> 
     </span>
    </p>

    <p class='ocr_par' dir='ltr' id='par_1_5' title="bbox 81 1369 1088 1860">
     <span class='ocr_line' id='line_1_14' title="bbox 81 1369 1088 1447; baseline -0.004 -15"><span class='ocrx_word' id='word_1_94' title='bbox 81 1370 226 1444; x_wconf 74' lang='lat' dir='ltr'>accepit,</span> <span class='ocrx_word' id='word_1_95' title='bbox 241 1370 272 1429; x_wconf 93' lang='lat' dir='ltr'>in</span> <span class='ocrx_word' id='word_1_96' title='bbox 286 1387 347 1447; x_wconf 91' lang='lat' dir='ltr'>quo</span> <span class='ocrx_word' id='word_1_97' title='bbox 361 1369 490 1444; x_wconf 76' lang='lat' dir='ltr'>turpiter</span> <span class='ocrx_word' id='word_1_98' title='bbox 501 1369 956 1443; x_wconf 88' lang='lat' dir='ltr'>deprehensaeiusvanitasest.</span> <span class='ocrx_word' id='word_1_99' title='bbox 972 1370 1088 1442; x_wconf 87' lang='lat' dir='ltr'>Aperte</span> 
     </span>
     <span class='ocr_line' id='line_1_15' title="bbox 112 1452 1087 1514; baseline -0.002 -1"><span class='ocrx_word' id='word_1_100' title='bbox 112 1454 223 1513; x_wconf 87' lang='lat' dir='ltr'>deinde</span> <span class='ocrx_word' id='word_1_101' title='bbox 236 1455 350 1514; x_wconf 86' lang='lat' dir='ltr'>Antoni</span> <span class='ocrx_word' id='word_1_102' title='bbox 368 1469 403 1512; x_wconf 89' lang='lat' dir='ltr'>ac</span> <span class='ocrx_word' id='word_1_103' title='bbox 418 1454 593 1513; x_wconf 90' lang='lat' dir='ltr'>Dolabellae</span> <span class='ocrx_word' id='word_1_104' title='bbox 616 1454 775 1512; x_wconf 90' lang='lat' dir='ltr'>consulum</span> <span class='ocrx_word' id='word_1_105' title='bbox 793 1452 832 1511; x_wconf 93' lang='lat' dir='ltr'>ad</span> <span class='ocrx_word' id='word_1_106' title='bbox 853 1453 1015 1510; x_wconf 80' lang='lat' dir='ltr'>nefandam</span> <span class='ocrx_word' id='word_1_107' title='bbox 1032 1453 1087 1511; x_wconf 91' lang='lat' dir='ltr'>do-</span> 
     </span>
     <span class='ocr_line' id='line_1_16' title="bbox 111 1535 1087 1611; baseline 0 -16"><span class='ocrx_word' id='word_1_108' title='bbox 111 1538 304 1596; x_wconf 86' lang='lat' dir='ltr'>minationem</span> <span class='ocrx_word' id='word_1_109' title='bbox 327 1537 426 1611; x_wconf 87' lang='lat' dir='ltr'>erupit</span> <span class='ocrx_word' id='word_1_110' title='bbox 450 1537 543 1599; x_wconf 90' lang='lat' dir='ltr'>luror.</span> <span class='ocrx_word' id='word_1_111' title='bbox 591 1536 768 1596; x_wconf 86' lang='lat' dir='ltr'>Sestertium</span> <span class='ocrx_word' id='word_1_112' title='bbox 794 1536 930 1609; x_wconf 89' lang='lat' dir='ltr'>septiens</span> <span class='ocrx_word' id='word_1_113' title='bbox 956 1535 1087 1607; x_wconf 89' lang='lat' dir='ltr'>miliens,</span> 
     </span>
     <span class='ocr_line' id='line_1_17' title="bbox 112 1617 1087 1693; baseline -0.003 -14"><span class='ocrx_word' id='word_1_114' title='bbox 112 1621 285 1693; x_wconf 91' lang='lat' dir='ltr'>depositum</span> <span class='ocrx_word' id='word_1_115' title='bbox 304 1637 322 1678; x_wconf 89' lang='lat' dir='ltr'>a</span> <span class='ocrx_word' id='word_1_116' title='bbox 344 1620 375 1676; x_wconf 85' lang='lat' dir='ltr'>C.</span> <span class='ocrx_word' id='word_1_117' title='bbox 392 1620 522 1678; x_wconf 87' lang='lat' dir='ltr'>Caesare</span> <span class='ocrx_word' id='word_1_118' title='bbox 547 1621 585 1678; x_wconf 89' lang='lat' dir='ltr'>ad</span> <span class='ocrx_word' id='word_1_119' title='bbox 600 1620 706 1678; x_wconf 89' lang='lat' dir='ltr'>aedem</span> <span class='ocrx_word' id='word_1_120' title='bbox 723 1617 813 1693; x_wconf 90' lang='lat' dir='ltr'>Opis,</span> <span class='ocrx_word' id='word_1_121' title='bbox 840 1627 1023 1692; x_wconf 87' lang='lat' dir='ltr'>occupatum</span> <span class='ocrx_word' id='word_1_122' title='bbox 1048 1618 1087 1677; x_wconf 89' lang='lat' dir='ltr'>ab</span> 
     </span>
     <span class='ocr_line' id='line_1_18' title="bbox 110 1700 1088 1778; baseline 0.001 -18"><span class='ocrx_word' id='word_1_123' title='bbox 110 1703 261 1771; x_wconf 82' lang='lat' dir='ltr'>Antonio;</span> <span class='ocrx_word' id='word_1_124' title='bbox 283 1710 419 1761; x_wconf 91' lang='lat' dir='ltr'>actorum</span> <span class='ocrx_word' id='word_1_125' title='bbox 441 1703 577 1760; x_wconf 90' lang='lat' dir='ltr'>eiusdem</span> <span class='ocrx_word' id='word_1_126' title='bbox 593 1702 715 1761; x_wconf 89' lang='lat' dir='ltr'>insertis</span> <span class='ocrx_word' id='word_1_127' title='bbox 736 1702 822 1761; x_wconf 83' lang='lat' dir='ltr'>salsis</span> <span class='ocrx_word' id='word_1_128' title='bbox 845 1702 966 1778; x_wconf 70' lang='lat' dir='ltr'>[requie]</span> <span class='ocrx_word' id='word_1_129' title='bbox 983 1700 1088 1761; x_wconf 81' lang='lat' dir='ltr'>ciuita-</span> 
     </span>
     <span class='ocr_line' id='line_1_19' title="bbox 111 1783 1086 1860; baseline 0 -17"><span class='ocrx_word' id='word_1_130' title='bbox 111 1784 256 1858; x_wconf 86' lang='lat' dir='ltr'>libusque</span> <span class='ocrx_word' id='word_1_131' title='bbox 270 1785 403 1858; x_wconf 85' lang='lat' dir='ltr'>corrupti</span> <span class='ocrx_word' id='word_1_132' title='bbox 419 1786 624 1844; x_wconf 89' lang='lat' dir='ltr'>commentarii</span> <span class='ocrx_word' id='word_1_133' title='bbox 638 1792 730 1858; x_wconf 91' lang='lat' dir='ltr'>atque</span> <span class='ocrx_word' id='word_1_134' title='bbox 742 1783 843 1843; x_wconf 90' lang='lat' dir='ltr'>omnia</span> <span class='ocrx_word' id='word_1_135' title='bbox 860 1785 955 1858; x_wconf 91' lang='lat' dir='ltr'>pretio</span> <span class='ocrx_word' id='word_1_136' title='bbox 969 1792 1086 1860; x_wconf 91' lang='lat' dir='ltr'>tempe·</span> 
     </span>
    </p>

    <p class='ocr_par' dir='ltr' id='par_1_6' title="bbox 83 1868 1090 2345">
     <span class='ocr_line' id='line_1_20' title="bbox 83 1868 1087 1942; baseline -0.003 -14"><span class='ocrx_word' id='word_1_137' title='bbox 83 1875 176 1940; x_wconf 80' lang='lat' dir='ltr'>5rata</span> <span class='ocrx_word' id='word_1_138' title='bbox 190 1869 343 1928; x_wconf 88' lang='lat' dir='ltr'>vendente</span> <span class='ocrx_word' id='word_1_139' title='bbox 357 1868 574 1942; x_wconf 85' lang='lat' dir='ltr'>rempublicam</span> <span class='ocrx_word' id='word_1_140' title='bbox 591 1870 727 1928; x_wconf 91' lang='lat' dir='ltr'>consule.</span> <span class='ocrx_word' id='word_1_141' title='bbox 752 1868 836 1928; x_wconf 90' lang='lat' dir='ltr'>idem</span> <span class='ocrx_word' id='word_1_142' title='bbox 851 1868 1040 1942; x_wconf 77' lang='lat' dir='ltr'>prouinciam</span> <span class='ocrx_word' id='word_1_143' title='bbox 1051 1868 1087 1928; x_wconf 90' lang='lat' dir='ltr'>D.</span> 
     </span>
     <span class='ocr_line' id='line_1_21' title="bbox 113 1950 1088 2026; baseline -0.001 -14"><span class='ocrx_word' id='word_1_144' title='bbox 113 1954 204 2012; x_wconf 85' lang='lat' dir='ltr'>Bruto</span> <span class='ocrx_word' id='word_1_145' title='bbox 220 1952 379 2026; x_wconf 81' lang='lat' dir='ltr'>designato</span> <span class='ocrx_word' id='word_1_146' title='bbox 395 1953 514 2012; x_wconf 89' lang='lat' dir='ltr'>consult</span> <span class='ocrx_word' id='word_1_147' title='bbox 536 1952 688 2011; x_wconf 90' lang='lat' dir='ltr'>decretam</span> <span class='ocrx_word' id='word_1_148' title='bbox 705 1950 831 2011; x_wconf 88' lang='lat' dir='ltr'>Galliam</span> <span class='ocrx_word' id='word_1_149' title='bbox 852 1966 1004 2024; x_wconf 90' lang='lat' dir='ltr'>occupare</span> <span class='ocrx_word' id='word_1_150' title='bbox 1026 1958 1088 2011; x_wconf 87' lang='lat' dir='ltr'>sta-</span> 
     </span>
     <span class='ocr_line' id='line_1_22' title="bbox 110 2033 1088 2107; baseline 0 -13"><span class='ocrx_word' id='word_1_151' title='bbox 110 2036 180 2106; x_wconf 87' lang='lat' dir='ltr'>tuit,</span> <span class='ocrx_word' id='word_1_152' title='bbox 195 2037 352 2095; x_wconf 90' lang='lat' dir='ltr'>Dolabella</span> <span class='ocrx_word' id='word_1_153' title='bbox 365 2036 583 2095; x_wconf 88' lang='lat' dir='ltr'>transmarinas</span> <span class='ocrx_word' id='word_1_154' title='bbox 606 2036 741 2095; x_wconf 89' lang='lat' dir='ltr'>decrevit</span> <span class='ocrx_word' id='word_1_155' title='bbox 753 2033 826 2093; x_wconf 86' lang='lat' dir='ltr'>sibi:</span> <span class='ocrx_word' id='word_1_156' title='bbox 847 2034 987 2107; x_wconf 91' lang='lat' dir='ltr'>interque</span> <span class='ocrx_word' id='word_1_157' title='bbox 1002 2042 1088 2095; x_wconf 91' lang='lat' dir='ltr'>natu-</span> 
     </span>
     <span class='ocr_line' id='line_1_23' title="bbox 112 2117 1088 2189; baseline 0 -13"><span class='ocrx_word' id='word_1_158' title='bbox 112 2118 212 2179; x_wconf 89' lang='lat' dir='ltr'>raliter</span> <span class='ocrx_word' id='word_1_159' title='bbox 228 2118 447 2179; x_wconf 90' lang='lat' dir='ltr'>dissimillimos</span> <span class='ocrx_word' id='word_1_160' title='bbox 463 2136 498 2178; x_wconf 90' lang='lat' dir='ltr'>ac</span> <span class='ocrx_word' id='word_1_161' title='bbox 513 2120 636 2178; x_wconf 87' lang='lat' dir='ltr'>diuersa</span> <span class='ocrx_word' id='word_1_162' title='bbox 657 2118 785 2178; x_wconf 87' lang='lat' dir='ltr'>volentis</span> <span class='ocrx_word' id='word_1_163' title='bbox 801 2117 959 2178; x_wconf 91' lang='lat' dir='ltr'>crescebat</span> <span class='ocrx_word' id='word_1_164' title='bbox 974 2118 1088 2189; x_wconf 90' lang='lat' dir='ltr'>odium,</span> 
     </span>
     <span class='ocr_line' id='line_1_24' title="bbox 111 2200 1090 2277; baseline -0.003 -16"><span class='ocrx_word' id='word_1_165' title='bbox 111 2218 212 2277; x_wconf 90' lang='lat' dir='ltr'>eoque</span> <span class='ocrx_word' id='word_1_166' title='bbox 238 2204 268 2262; x_wconf 83' lang='lat' dir='ltr'>C.</span> <span class='ocrx_word' id='word_1_167' title='bbox 302 2204 414 2262; x_wconf 82' lang='lat' dir='ltr'>Caesar</span> <span class='ocrx_word' id='word_1_168' title='bbox 444 2201 561 2261; x_wconf 87' lang='lat' dir='ltr'>iuvenis</span> <span class='ocrx_word' id='word_1_169' title='bbox 594 2201 754 2262; x_wconf 87' lang='lat' dir='ltr'>cotidianis</span> <span class='ocrx_word' id='word_1_170' title='bbox 782 2201 895 2260; x_wconf 87' lang='lat' dir='ltr'>Antoni</span> <span class='ocrx_word' id='word_1_171' title='bbox 931 2200 1090 2274; x_wconf 85' lang='lat' dir='ltr'>petebatur</span> 
     </span>
     <span class='ocr_line' id='line_1_25' title="bbox 113 2286 241 2345; baseline -0.008 -2"><span class='ocrx_word' id='word_1_172' title='bbox 113 2286 241 2345; x_wconf 79' lang='lat' dir='ltr'>insidiis,</span> 
     </span>
    </p>

    <p class='ocr_par' dir='ltr' id='par_1_7' title="bbox 82 2365 1090 2942">
     <span class='ocr_line' id='line_1_26' title="bbox 82 2365 1088 2443; baseline -0.005 -12"><span class='ocrx_word' id='word_1_173' title='bbox 82 2381 97 2431; x_wconf 92' lang='lat'>1</span> <span class='ocrx_word' id='word_1_174' title='bbox 192 2369 266 2427; x_wconf 92' lang='lat' dir='ltr'>LXl.</span> <span class='ocrx_word' id='word_1_175' title='bbox 301 2365 1088 2443; x_wconf 86' lang='lat' dir='ltr'>TorpebatoppressadominationeAntonicivitas;</span> 
     </span>
     <span class='ocr_line' id='line_1_27' title="bbox 111 2447 1088 2525; baseline -0.002 -14"><span class='ocrx_word' id='word_1_176' title='bbox 111 2452 276 2525; x_wconf 83' lang='lat' dir='ltr'>indignatio</span> <span class='ocrx_word' id='word_1_177' title='bbox 290 2460 319 2509; x_wconf 90' lang='lat' dir='ltr'>ct</span> <span class='ocrx_word' id='word_1_178' title='bbox 331 2452 419 2510; x_wconf 91' lang='lat' dir='ltr'>dolor</span> <span class='ocrx_word' id='word_1_179' title='bbox 431 2452 588 2525; x_wconf 89' lang='lat' dir='ltr'>omnibus,</span> <span class='ocrx_word' id='word_1_180' title='bbox 601 2451 648 2508; x_wconf 88' lang='lat' dir='ltr'>vis</span> <span class='ocrx_word' id='word_1_181' title='bbox 660 2450 699 2508; x_wconf 89' lang='lat' dir='ltr'>ad</span> <span class='ocrx_word' id='word_1_182' title='bbox 713 2449 918 2510; x_wconf 91' lang='lat' dir='ltr'>resistendum</span> <span class='ocrx_word' id='word_1_183' title='bbox 930 2447 1005 2509; x_wconf 90' lang='lat' dir='ltr'>nulli</span> <span class='ocrx_word' id='word_1_184' title='bbox 1016 2451 1088 2509; x_wconf 88' lang='lat' dir='ltr'>ude-</span> 
     </span>
     <span class='ocr_line' id='line_1_28' title="bbox 112 2532 1090 2609; baseline 0.001 -17"><span class='ocrx_word' id='word_1_185' title='bbox 112 2542 171 2605; x_wconf 85' lang='lat' dir='ltr'>rat‚</span> <span class='ocrx_word' id='word_1_186' title='bbox 188 2549 254 2592; x_wconf 92' lang='lat' dir='ltr'>cum</span> <span class='ocrx_word' id='word_1_187' title='bbox 264 2534 416 2593; x_wconf 83' lang='lat' dir='ltr'>C.Caesar</span> <span class='ocrx_word' id='word_1_188' title='bbox 427 2533 687 2603; x_wconf 86' lang='lat' dir='ltr'>undevicesimum</span> <span class='ocrx_word' id='word_1_189' title='bbox 705 2550 816 2593; x_wconf 91' lang='lat' dir='ltr'>annum</span> <span class='ocrx_word' id='word_1_190' title='bbox 828 2534 998 2609; x_wconf 74' lang='lat' dir='ltr'>ingressus,</span> <span class='ocrx_word' id='word_1_191' title='bbox 1014 2532 1090 2593; x_wconf 88' lang='lat' dir='ltr'>mira</span> 
     </span>
     <span class='ocr_line' id='line_1_29' title="bbox 112 2617 1089 2690; baseline -0.002 -13"><span class='ocrx_word' id='word_1_192' title='bbox 112 2634 206 2677; x_wconf 88' lang='lat' dir='ltr'>ausus</span> <span class='ocrx_word' id='word_1_193' title='bbox 220 2632 256 2675; x_wconf 89' lang='lat' dir='ltr'>ac</span> <span class='ocrx_word' id='word_1_194' title='bbox 272 2632 390 2676; x_wconf 88' lang='lat' dir='ltr'>summa</span> <span class='ocrx_word' id='word_1_195' title='bbox 405 2623 590 2677; x_wconf 90' lang='lat' dir='ltr'>consecutus</span> <span class='ocrx_word' id='word_1_196' title='bbox 602 2618 719 2690; x_wconf 89' lang='lat' dir='ltr'>privato</span> <span class='ocrx_word' id='word_1_197' title='bbox 735 2617 863 2678; x_wconf 91' lang='lat' dir='ltr'>consilio</span> <span class='ocrx_word' id='word_1_198' title='bbox 879 2618 1025 2677; x_wconf 91' lang='lat' dir='ltr'>maiorem</span> <span class='ocrx_word' id='word_1_199' title='bbox 1040 2632 1089 2676; x_wconf 92' lang='lat' dir='ltr'>se-</span> 
     </span>
     <span class='ocr_line' id='line_1_30' title="bbox 111 2698 1089 2776; baseline 0 -17"><span class='ocrx_word' id='word_1_200' title='bbox 111 2709 184 2760; x_wconf 92' lang='lat' dir='ltr'>natu</span> <span class='ocrx_word' id='word_1_201' title='bbox 199 2717 255 2775; x_wconf 91' lang='lat' dir='ltr'>pro</span> <span class='ocrx_word' id='word_1_202' title='bbox 271 2701 429 2773; x_wconf 83' lang='lat' dir='ltr'>republica</span> <span class='ocrx_word' id='word_1_203' title='bbox 443 2701 574 2766; x_wconf 89' lang='lat' dir='ltr'>animum</span> <span class='ocrx_word' id='word_1_204' title='bbox 596 2700 700 2761; x_wconf 88' lang='lat' dir='ltr'>habuit</span> <span class='ocrx_word' id='word_1_205' title='bbox 720 2700 912 2776; x_wconf 90' lang='lat' dir='ltr'>primumque</span> <span class='ocrx_word' id='word_1_206' title='bbox 933 2718 951 2760; x_wconf 87' lang='lat' dir='ltr'>a</span> <span class='ocrx_word' id='word_1_207' title='bbox 967 2698 1089 2770; x_wconf 82' lang='lat' dir='ltr'>Calatia,</span> 
     </span>
     <span class='ocr_line' id='line_1_31' title="bbox 112 2782 1089 2860; baseline 0.004 -22"><span class='ocrx_word' id='word_1_208' title='bbox 112 2782 349 2844; x_wconf 78' lang='lat' dir='ltr'>trnoxaCasilino</span> <span class='ocrx_word' id='word_1_209' title='bbox 364 2793 527 2845; x_wconf 89' lang='lat' dir='ltr'>veteranos</span> <span class='ocrx_word' id='word_1_210' title='bbox 543 2784 656 2843; x_wconf 88' lang='lat' dir='ltr'>excivit</span> <span class='ocrx_word' id='word_1_211' title='bbox 666 2793 827 2860; x_wconf 88' lang='lat' dir='ltr'>patemos;</span> <span class='ocrx_word' id='word_1_212' title='bbox 845 2800 974 2858; x_wconf 90' lang='lat' dir='ltr'>quorum</span> <span class='ocrx_word' id='word_1_213' title='bbox 986 2799 1089 2844; x_wconf 80' lang='lat' dir='ltr'>exem·</span> 
     </span>
     <span class='ocr_line' id='line_1_32' title="bbox 115 2866 1090 2942; baseline -0.004 -15"><span class='ocrx_word' id='word_1_214' title='bbox 115 2870 196 2942; x_wconf 88' lang='lat' dir='ltr'>plum</span> <span class='ocrx_word' id='word_1_215' title='bbox 222 2866 320 2929; x_wconf 90' lang='lat' dir='ltr'>secuti</span> <span class='ocrx_word' id='word_1_216' title='bbox 347 2869 397 2928; x_wconf 91' lang='lat' dir='ltr'>alii</span> <span class='ocrx_word' id='word_1_217' title='bbox 416 2867 503 2928; x_wconf 89' lang='lat' dir='ltr'>brevi</span> <span class='ocrx_word' id='word_1_218' title='bbox 524 2869 553 2927; x_wconf 92' lang='lat' dir='ltr'>in</span> <span class='ocrx_word' id='word_1_219' title='bbox 577 2870 703 2928; x_wconf 81' lang='lat' dir='ltr'>formam</span> <span class='ocrx_word' id='word_1_220' title='bbox 718 2868 788 2928; x_wconf 90' lang='lat' dir='ltr'>iusti</span> <span class='ocrx_word' id='word_1_221' title='bbox 811 2869 912 2928; x_wconf 88' lang='lat' dir='ltr'>coiere</span> <span class='ocrx_word' id='word_1_222' title='bbox 927 2867 1090 2927; x_wconf 89' lang='lat' dir='ltr'>exercitus.</span> 
     </span>
    </p>

    <p class='ocr_par' dir='ltr' id='par_1_8' title="bbox 83 2952 1091 3275">
     <span class='ocr_line' id='line_1_33' title="bbox 83 2952 1090 3026; baseline -0.006 -13"><span class='ocrx_word' id='word_1_223' title='bbox 83 2952 185 3013; x_wconf 71' lang='lat' dir='ltr'>aMox</span> <span class='ocrx_word' id='word_1_224' title='bbox 201 2968 268 3013; x_wconf 91' lang='lat' dir='ltr'>cum</span> <span class='ocrx_word' id='word_1_225' title='bbox 283 2953 435 3013; x_wconf 82' lang='lat' dir='ltr'>Antonius</span> <span class='ocrx_word' id='word_1_226' title='bbox 451 2954 637 3012; x_wconf 85' lang='lat' dir='ltr'>occurrisset</span> <span class='ocrx_word' id='word_1_227' title='bbox 650 2952 809 3025; x_wconf 85' lang='lat' dir='ltr'>exercitui,</span> <span class='ocrx_word' id='word_1_228' title='bbox 832 2966 922 3026; x_wconf 89' lang='lat' dir='ltr'>quern</span> <span class='ocrx_word' id='word_1_229' title='bbox 938 2967 977 3010; x_wconf 87' lang='lat' dir='ltr'>ex</span> <span class='ocrx_word' id='word_1_230' title='bbox 990 2958 1090 3011; x_wconf 90' lang='lat' dir='ltr'>trans-</span> 
     </span>
     <span class='ocr_line' id='line_1_34' title="bbox 113 3034 1091 3110; baseline 0 -17"><span class='ocrx_word' id='word_1_231' title='bbox 113 3035 236 3095; x_wconf 88' lang='lat' dir='ltr'>marinis</span> <span class='ocrx_word' id='word_1_232' title='bbox 268 3037 434 3110; x_wconf 90' lang='lat' dir='ltr'>provinciis</span> <span class='ocrx_word' id='word_1_233' title='bbox 458 3036 663 3096; x_wconf 82' lang='lat' dir='ltr'>andusiunr</span> <span class='ocrx_word' id='word_1_234' title='bbox 695 3036 800 3094; x_wconf 85' lang='lat' dir='ltr'>venire</span> <span class='ocrx_word' id='word_1_235' title='bbox 830 3034 977 3108; x_wconf 89' lang='lat' dir='ltr'>iusserat,</span> <span class='ocrx_word' id='word_1_236' title='bbox 1010 3034 1091 3107; x_wconf 81' lang='lat' dir='ltr'>legio</span> 
     </span>
     <span class='ocr_line' id='line_1_35' title="bbox 111 3116 1091 3193; baseline -0.001 -17"><span class='ocrx_word' id='word_1_237' title='bbox 111 3116 256 3177; x_wconf 87' lang='lat' dir='ltr'>Martiaet</span> <span class='ocrx_word' id='word_1_238' title='bbox 265 3128 373 3192; x_wconf 88' lang='lat' dir='ltr'>quarta</span> <span class='ocrx_word' id='word_1_239' title='bbox 387 3119 509 3193; x_wconf 81' lang='lat' dir='ltr'>cognita</span> <span class='ocrx_word' id='word_1_240' title='bbox 523 3126 553 3179; x_wconf 88' lang='lat' dir='ltr'>et</span> <span class='ocrx_word' id='word_1_241' title='bbox 566 3124 690 3178; x_wconf 92' lang='lat' dir='ltr'>senatus</span> <span class='ocrx_word' id='word_1_242' title='bbox 704 3120 859 3179; x_wconf 89' lang='lat' dir='ltr'>voluntate</span> <span class='ocrx_word' id='word_1_243' title='bbox 874 3126 904 3178; x_wconf 90' lang='lat' dir='ltr'>et</span> <span class='ocrx_word' id='word_1_244' title='bbox 917 3118 992 3177; x_wconf 91' lang='lat' dir='ltr'>tanti</span> <span class='ocrx_word' id='word_1_245' title='bbox 1006 3118 1091 3176; x_wconf 92' lang='lat' dir='ltr'>iuve-</span> 
     </span>
     <span class='ocr_line' id='line_1_36' title="bbox 113 3201 1090 3275; baseline -0.003 -15"><span class='ocrx_word' id='word_1_246' title='bbox 113 3202 160 3261; x_wconf 92' lang='lat' dir='ltr'>nis</span> <span class='ocrx_word' id='word_1_247' title='bbox 181 3202 297 3274; x_wconf 88' lang='lat' dir='ltr'>indole,</span> <span class='ocrx_word' id='word_1_248' title='bbox 318 3202 446 3261; x_wconf 88' lang='lat' dir='ltr'>sublatis</span> <span class='ocrx_word' id='word_1_249' title='bbox 468 3203 563 3275; x_wconf 81' lang='lat' dir='ltr'>signis</span> <span class='ocrx_word' id='word_1_250' title='bbox 585 3202 623 3260; x_wconf 89' lang='lat' dir='ltr'>ad</span> <span class='ocrx_word' id='word_1_251' title='bbox 646 3201 808 3262; x_wconf 87' lang='lat' dir='ltr'>Caesarem</span> <span class='ocrx_word' id='word_1_252' title='bbox 834 3218 870 3262; x_wconf 92' lang='lat' dir='ltr'>se</span> <span class='ocrx_word' id='word_1_253' title='bbox 890 3202 1090 3262; x_wconf 88' lang='lat' dir='ltr'>contulerunt.</span> 
     </span>
    </p>

    <p class='ocr_par' dir='ltr' id='par_1_9' title="bbox 86 3283 1093 3527">
     <span class='ocr_line' id='line_1_37' title="bbox 86 3283 1093 3360; baseline -0.003 -15"><span class='ocrx_word' id='word_1_254' title='bbox 86 3286 190 3345; x_wconf 80' lang='lat' dir='ltr'>3Eum</span> <span class='ocrx_word' id='word_1_255' title='bbox 209 3292 333 3345; x_wconf 89' lang='lat' dir='ltr'>senatus</span> <span class='ocrx_word' id='word_1_256' title='bbox 353 3285 535 3345; x_wconf 88' lang='lat' dir='ltr'>honoratum</span> <span class='ocrx_word' id='word_1_257' title='bbox 556 3283 691 3357; x_wconf 88' lang='lat' dir='ltr'>equestri</span> <span class='ocrx_word' id='word_1_258' title='bbox 705 3294 820 3360; x_wconf 86' lang='lat' dir='ltr'>statua,</span> <span class='ocrx_word' id='word_1_259' title='bbox 842 3302 922 3360; x_wconf 89' lang='lat' dir='ltr'>quae</span> <span class='ocrx_word' id='word_1_260' title='bbox 935 3284 1093 3358; x_wconf 89' lang='lat' dir='ltr'>hodieque</span> 
     </span>
     <span class='ocr_line' id='line_1_38' title="bbox 113 3366 1092 3443; baseline -0.003 -16"><span class='ocrx_word' id='word_1_261' title='bbox 113 3368 144 3427; x_wconf 92' lang='lat' dir='ltr'>in</span> <span class='ocrx_word' id='word_1_262' title='bbox 155 3369 263 3430; x_wconf 90' lang='lat' dir='ltr'>rostris</span> <span class='ocrx_word' id='word_1_263' title='bbox 276 3368 377 3442; x_wconf 91' lang='lat' dir='ltr'>posita</span> <span class='ocrx_word' id='word_1_264' title='bbox 386 3374 515 3427; x_wconf 89' lang='lat' dir='ltr'>aetatem</span> <span class='ocrx_word' id='word_1_265' title='bbox 527 3367 593 3427; x_wconf 91' lang='lat' dir='ltr'>eius</span> <span class='ocrx_word' id='word_1_266' title='bbox 606 3369 757 3443; x_wconf 89' lang='lat' dir='ltr'>scriptura</span> <span class='ocrx_word' id='word_1_267' title='bbox 768 3368 897 3441; x_wconf 87' lang='lat' dir='ltr'>indicat,</span> <span class='ocrx_word' id='word_1_268' title='bbox 913 3368 980 3443; x_wconf 90' lang='lat' dir='ltr'>(qui</span> <span class='ocrx_word' id='word_1_269' title='bbox 991 3366 1092 3426; x_wconf 93' lang='lat' dir='ltr'>honor</span> 
     </span>
     <span class='ocr_line' id='line_1_39' title="bbox 114 3450 1092 3527; baseline 0.001 -19"><span class='ocrx_word' id='word_1_270' title='bbox 114 3468 174 3511; x_wconf 93' lang='lat' dir='ltr'>non</span> <span class='ocrx_word' id='word_1_271' title='bbox 193 3452 243 3512; x_wconf 88' lang='lat' dir='ltr'>alii</span> <span class='ocrx_word' id='word_1_272' title='bbox 260 3468 315 3527; x_wconf 89' lang='lat' dir='ltr'>per</span> <span class='ocrx_word' id='word_1_273' title='bbox 329 3457 484 3511; x_wconf 89' lang='lat' dir='ltr'>trecentos</span> <span class='ocrx_word' id='word_1_274' title='bbox 500 3467 598 3511; x_wconf 92' lang='lat' dir='ltr'>annos</span> <span class='ocrx_word' id='word_1_275' title='bbox 615 3470 706 3516; x_wconf 79' lang='lat' dir='ltr'>uuam</span> <span class='ocrx_word' id='word_1_276' title='bbox 721 3453 745 3504; x_wconf 84' lang='lat' dir='ltr'>i.</span> <span class='ocrx_word' id='word_1_277' title='bbox 771 3452 874 3512; x_wconf 83' lang='lat' dir='ltr'>Sullae</span> <span class='ocrx_word' id='word_1_278' title='bbox 890 3458 920 3509; x_wconf 88' lang='lat' dir='ltr'>et</span> <span class='ocrx_word' id='word_1_279' title='bbox 933 3450 987 3511; x_wconf 80' lang='lat' dir='ltr'>Gn.</span> <span class='ocrx_word' id='word_1_280' title='bbox 1003 3450 1092 3510; x_wconf 88' lang='lat' dir='ltr'>Pom-</span> 
     </span>
    </p>
   </div>
   <div class='ocr_carea' id='block_1_3' title="bbox 0 0 1147 3832">
    <p class='ocr_par' dir='ltr' id='par_1_10' title="bbox 0 0 1147 3832">
     <span class='ocr_line' id='line_1_40' title="bbox 0 0 1147 3832; baseline 0 0"><span class='ocrx_word' id='word_1_281' title='bbox 0 0 1147 3832; x_wconf 95' lang='lat' dir='ltr'> </span> 
     </span>
    </p>
   </div>
  </div>
 </body>
</html>
