2266 3832
448 212 687 300 11,13[1111,2].
1024 219 1066 284 87

65 382 170 449 altera
192 379 326 451 Africae
346 380 488 453 claustra
510 379 672 455 servabat.
693 381 753 455 sed
773 401 851 445 acce
873 384 1067 468 apartium

66 464 161 533 clade
182 462 264 529 nihil
285 472 453 529 cunctatus
475 472 526 535 est
547 472 594 546 et,
618 471 655 539 ut
671 465 816 549 sapiente
868 486 968 548 gnum
986 476 1063 550 erat,
1074 480 1108 531 71

64 556 203 615 mortem
216 545 280 611 sibi
296 547 393 611 etiem
408 546 513 621 laeum
531 548 659 622 accivit
681 567 757 619 nam
776 556 946 633 postquam
961 548 1064 615 filium

50 629 518 785 amaenitate
540 630 997 787 marasan
1020 633 1065 699 ²³

493 760 496 765 -
980 738 1064 781 rmae

10 854 12 861 .
62 798 176 879 doum,
204 795 339 895 paulum
376 782 461 867 'uieti
483 735 588 880 deliri
615 806 693 863 tuno
713 799 801 862 cirea
820 782 958 882 primam
979 800 1063 884 vigi-

10 906 14 931 ÷
61 880 143 949 liam
163 887 278 947 mato
299 902 323 965 g
381 880 410 945 ‘o
432 879 612 951 revelatum
630 888 745 966 pectus
765 880 865 946 semel
881 882 1063 969 iterumque
1071 891 1107 941 72

60 964 235 1051 percussit.
257 964 329 1035 ausi
349 971 424 1048 post
444 963 506 1035 hoc
525 965 634 1029 virum
655 963 774 1029 medici
794 963 919 1030 violare
940 965 1063 1030 somon-

61 1048 117 1111 tis.
139 1046 196 1113 illc
218 1066 349 1132 passus,
376 1046 453 1117 dum
474 1045 701 1130 abscederent,
726 1048 859 1112 rescidit
877 1047 992 1134 plagas
1014 1071 1063 1113 se-

27 1138 205 1216 reontuque
230 1130 266 1195 vi
292 1130 459 1215 sanguinis
479 1130 688 1195 moribundas
709 1152 823 1195 manus
846 1132 973 1218 inipso
994 1131 1063 1199 vol·

62 1234 145 1279 nere
163 1212 309 1311 reliquit,
333 1212 420 1299 quod
440 1215 511 1299 ipse
530 1213 581 1279 bis
605 1214 738 1279 fecerat.

148 1294 253 1377 Quasi
277 1316 453 1382 numquam
474 1306 561 1371 esset
582 1298 784 1379 dimicatum,
811 1299 859 1361 sic
880 1319 971 1363 arma
992 1313 1107 1366 nir-73

60 1400 120 1447 sus
147 1388 181 1445 et
210 1387 340 1465 partes,
374 1389 558 1467 quantoque
584 1381 700 1445 Africa
733 1401 832 1466 supra
858 1380 1061 1447 Thessaliam

65 1462 151 1544 fuit,
183 1470 273 1527 tauto
298 1463 446 1562 Africam
473 1464 650 1562 superabat
676 1465 845 1550 Hispania.
908 1465 1103 1534 lurimumrr

19 1553 222 1633 acquantum
247 1545 370 1613 favorus
397 1546 543 1632 partubus
562 1548 662 1621 dabat
680 1548 867 1612 fraternitas
886 1486 1008 1613 ducum
1029 1557 1062 1612 et

58 1650 123 1717 pro
145 1649 211 1695 uuo
238 1629 319 1701 duos
340 1638 426 1699 stare
448 1630 631 1716 Pompeios.
666 1632 775 1719 itaque
795 1652 955 1717 nusquam
977 1640 1106 1703 atross

59 1712 134 1779 cius
162 1733 223 1777 nec
248 1721 316 1783 tum
337 1714 472 1813 ancipiti
490 1714 595 1778 Marte
619 1736 810 1780 concursum
831 1723 890 1778 est.
921 1716 1062 1800 primurn

58 1796 186 1945 indipso
199 1796 427 1945 pstiqutiltceam
442 1796 549 1896 Yanrs
559 1797 742 1897 Didiusque
758 1797 859 1944 lopati
873 1798 1060 1945 conflirrqre.

59 1900 97 1945 se
140 1899 248 1943 acrius
351 1901 425 1945 cum
443 1901 514 1966 ipso
533 1901 616 1945 marr
637 1902 733 1967 quam
756 1903 791 1945 1n
806 1903 841 1945 er
862 1903 898 1945 se
920 1902 999 1945 navr
1022 1903 1061 1946 us

18 1958 203 2044 rebellum,
232 1962 408 2049 siquidem,
462 1965 535 2029 nasi
558 1963 702 2029 furorem
728 1965 850 2028 civium
875 1966 1060 2048 castigaret,

58 2044 213 2113 Oceanus
234 2054 405 2132 utramque
426 1986 564 2112 ciassem
585 2047 758 2131 naufragio
778 2047 904 2111 cecidit.
927 2048 1103 2132 quinamto

57 2127 118 2195 ille
137 2129 267 2211 horror,
289 2149 363 2203 cum
384 2130 498 2195 eodem
509 2138 654 2215 tempore
669 2130 786 2195 fluctus
802 2130 973 2214 procellae,
995 2131 1061 2194 viri

57 2232 178 2295 naves,
210 2231 302 2279 arma
328 2220 361 2277 et
384 2221 585 2278 armamenta
608 2213 837 2297 confligereutl
872 2213 956 2277 adde
977 2215 1059 2278 situs

57 2294 163 2381 ipsius
188 2294 411 2378 formidinem,
445 2298 616 2444 verqentia
638 2298 673 2360 in
698 2317 813 2378 unum,
842 2295 918 2361 hinc
939 2296 1058 2381 Hispa»

17 2378 154 2461 unice,
180 2379 258 2445 inde
276 2378 494 2444 Mauritaniae

60 2468 234 2527 murnum
252 2462 512 2549 inminentesque
532 2463 684 2529 Herculis
707 2462 872 2550 speculas,
899 2485 973 2528 cum
992 2484 1059 2528 om·

57 2544 118 2609 nis
144 2545 288 2632 undiquc
320 2546 416 2611 simul
445 2546 568 2632 proelio
602 2556 635 2612 et
660 2555 852 2632 tempestate
883 2547 1103 2615 sustinentur

56 2648 139 2695 mox
154 2630 243 2695 uiros
257 2628 459 2695 obsidionem
475 2630 605 2695 urbium
620 2629 781 2717 utrimque
800 2630 982 2695 discursum
998 2638 1057 2712 est,

79 2730 145 2777 nae
170 2713 309 2779 miserae
336 2713 421 2779 inter
446 2714 506 2778 hos
536 2722 632 2800 atque
659 2713 734 2778 illos
764 2713 862 2777 duces
892 2714 1057 2778 societatis

16 2824 50 2869 ω
90 2812 228 2861 emanue
270 2816 368 2861 cenas
397 2797 530 2863 dabant.
559 2798 701 2863 omnium
721 2805 886 2881 postrema
911 2797 1057 2860 certami-

56 2898 139 2945 num
152 2878 234 2943 Mun
279 2926 288 2943 .
309 2878 364 2943 hic
381 2900 447 2944 non
462 2902 521 2966 pro
538 2890 647 2945 cetera
664 2879 835 2961 felicitate,
859 2879 920 2943 sed
937 2900 1056 2979 anceps
1066 2886 1100 2940 78

57 2969 92 3025 et
112 2960 171 3027 diu
188 2962 281 3027 triste
301 2963 474 3047 proelium,
495 2972 532 3029 ut
553 2964 650 3049 plene
665 2963 831 3027 videretur
846 2963 957 3027 nescio
977 2962 1057 3048 qurd

56 3042 180 3109 librare
194 3044 350 3110 Fortuna.
374 3068 452 3110 sane
474 3055 507 3111 et
522 3049 592 3132 ipse
609 3054 685 3111 ante
701 3049 805 3111 eciem
820 3046 975 3111 maestior
990 3059 1101 3110 neura

57 3146 102 3193 ex
126 3148 218 3195 more
240 3127 376 3212 Caesar,
405 3131 475 3194 sive
501 3139 652 3216 respectu
679 3129 865 3214 fragilitatis
887 3130 1055 3210 humanae,

18 3210 130 3279 urive
150 3211 285 3277 nimiam
304 3234 533 3298 prosperorum
550 3221 732 3298 suspectam
747 3213 872 3278 habens
891 3213 1056 3277 continua·

56 3294 197 3377 tionem,
227 3296 282 3360 vel
303 3295 417 3361 eadem
437 3297 571 3378 timens,
591 3305 762 3397 postquam
783 3297 872 3361 idem
893 3316 963 3359 esse
985 3315 1056 3359 coe·

56 3385 151 3461 perat
173 3379 262 3465 qnod
281 3379 472 3465 Pompeius;
494 3389 526 3444 et
544 3383 580 3445 in
599 3402 670 3466 ipso
690 3380 829 3465 proelio,
853 3378 940 3466 quod
960 3398 1055 3443 nemo

57 3482 214 3549 umquam
237 3464 443 3544 meminerat,
472 3485 546 3529 curn
569 3464 625 3529 diu
647 3464 719 3549 pari
740 3462 846 3528 Marte
867 3461 954 3525 acies
974 3460 1103 3531 nihileo

527 2383 625 2462 itera,
653 2401 742 2444 mare
765 2388 797 2443 et
817 2380 1006 2445 intestinum
1027 2388 1059 2444 et
