2266 3832
169 215 207 278 12
511 216 751 273 euphorbi

165 393 243 457 stea,
264 400 326 441 oum
338 391 420 459 pater
434 384 460 440 ei
471 381 576 440 Fabius
587 379 724 439 Maximus
736 377 847 453 legatus
866 375 946 434 datus
966 375 1083 452 fuisset,

165 478 195 528 et
206 467 342 525 Samnitas
357 468 436 540 vicit,
449 474 477 524 et
492 464 610 542 plurima
622 481 719 522 eorum
735 459 839 537 oppidu
851 461 937 536 oepit.
970 459 1085 518 Deinde

163 550 193 611 P.
203 547 603 624 Comeliusllulinus,lllanius
612 546 712 605 Curius
722 547 869 617 Dentatus,
882 543 964 602 ambo
978 559 1084 602 eonsu-

164 634 218 707 les,
231 641 327 691 contra
341 632 478 691 Samnitas
496 634 574 690 missi
593 630 754 708 ingentibus
775 627 892 705 proeliis
912 643 965 685 eos
982 626 1082 686 conie-

165 735 242 777 eere.
276 713 345 775 Tum
364 715 467 774 bellum
489 733 551 785 oum
567 715 737 772 Samnitibus
757 730 810 788 per
825 728 913 769 annos
930 727 1039 769 novem
1056 718 1084 769 et

164 821 201 860 xu
219 809 312 858 aetum
328 799 510 858 sustulerunt
543 798 644 876 Neque
661 796 734 855 ullus
754 797 846 854 hostis
866 795 918 852 fuit
937 795 1012 853 intra
1028 791 1083 853 Ita-

163 883 238 958 liam,
253 902 299 961 qur
293 883 467 942 Romanam
479 885 610 940 virtutem
621 883 711 957 magis
728 880 897 955 latigaverit.

97 994 151 1036 4,,44
232 967 316 1026 Cur
327 966 364 1026 X.
386 964 545 1025 lnterieotis
564 965 672 1042 aliquot
683 966 761 1023 annis
773 965 874 1020 iterum
891 980 924 1020 se
937 958 1084 1020 Gallorum

107 1060 152 1102 409
166 1052 268 1127 copiae
284 1060 382 1109 eontra
399 1050 542 1109 Romanos
553 1048 656 1107 Tuseis
673 1046 902 1123 Samnitibusque
917 1047 1082 1121 iunxerunt,

165 1133 217 1192 sed
229 1152 291 1192 oum
303 1134 419 1193 Romam
432 1134 591 1208 tenderent,
604 1150 620 1191 a
634 1131 684 1193 Gn.
697 1129 831 1190 Cornelio
843 1126 996 1189 Dolabella
1013 1145 1083 1188 eon·

165 1217 227 1276 sule
240 1217 352 1277 deletae
364 1226 436 1276 sunt.

98 1318 151 1355 ne.
228 1302 316 1361 (lae.
333 1300 383 1360 Xl.
396 1298 476 1381 (Vl.)
499 1300 608 1360 Eodem
625 1309 755 1376 tempore
773 1295 940 1371 Tarentinis,
960 1296 1010 1371 qui
1028 1297 1084 1355 iam

108 1382 153 1427 ⁴⁷¹·
165 1387 194 1446 in
204 1385 298 1445 ultima
311 1384 390 1445 ltalia
402 1395 476 1459 sunt,
491 1384 595 1444 bellum
607 1384 740 1442 indictum
755 1389 809 1456 est,
830 1381 895 1458 quia
907 1378 1011 1456 legatis
1024 1379 1083 1439 lio·

165 1486 308 1528 manorum
323 1471 450 1528 iniuriam
472 1470 610 1526 fecissent
651 1466 685 1523 lli
698 1464 848 1539 Pyrrhum,
870 1462 950 1540 Epiri
968 1480 1082 1540 regem,

167 1561 263 1610 eontra
284 1552 427 1609 Romanos
450 1550 581 1608 auxilium
604 1556 816 1627 poposcerunt,
844 1549 892 1625 qui
914 1563 1084 1622 exgenere

165 1633 284 1693 nobiliis
300 1635 436 1709 originem
450 1633 586 1692 trahebat.
618 1630 646 1689 ls
661 1649 727 1689 mon
738 1630 773 1689 ad
785 1629 892 1689 ltaliam
902 1630 990 1705 venit,
1009 1639 1084 1690 tum-

166 1735 222 1795 que
231 1718 349 1793 primum
361 1716 478 1774 Romani
491 1733 553 1773 eum
565 1717 747 1774 transmarino
764 1715 847 1773 hoste
866 1713 1083 1777 dimicaverunt.

165 1801 271 1859 Missus
284 1808 327 1857 est
339 1809 436 1857 contra
444 1817 506 1857 eum
515 1799 614 1857 eonsul
626 1796 947 1872 P.Valeriushaevinus,
958 1799 1007 1874 qui
1018 1815 1085 1857 oum

167 1882 363 1960 exploratores
380 1881 477 1957 Pyrrhi
495 1886 639 1958 cepisset,
663 1885 745 1941 iussit
764 1900 816 1940 eos
833 1899 887 1958 per
898 1888 990 1940 eastra
1002 1880 1082 1958 duci,

167 1966 279 2025 ostendi
292 1983 404 2024 omnem
420 1969 593 2041 exereitum,
598 1976 713 2044 tumque
725 1965 834 2041 dimitti,
848 1973 878 2023 ut
888 1967 1085 2024 renuntiarent

165 2049 283 2125 Pyrrho,
297 2068 483 2128 quaeeunque
500 2050 821 2127 aRonnanisagerentur.
847 2047 1005 2108 Commissa
1014 2065 1085 2110 mox

165 2151 271 2210 pugna,
285 2151 348 2192 eum
360 2135 413 2192 iam
421 2133 543 2209 Pyrrhus
557 2135 680 2213 fugeret,
694 2134 907 2211 elephantorum
919 2131 1025 2192 auxilio
1042 2135 1084 2192 vi·

166 2219 219 2290 011,
244 2233 315 2294 quos
335 2219 495 2295 incognitos
507 2219 625 2278 Romani
638 2225 821 2294 expaverunt.
856 2217 914 2275 Sed
925 2221 983 2274 nox
995 2234 1085 2294 proe-

165 2300 203 2358 lio
224 2300 306 2358 linem
322 2301 411 2368 dedit3
432 2301 570 2361 laevinus
592 2311 684 2360 tamen
703 2308 883 2377 pernoctem
900 2299 989 2377 iugit,
1012 2299 1086 2377 Pyr-

164 2383 232 2441 rhus
244 2381 387 2441 llomanos
400 2384 465 2442 mile
481 2387 662 2461 octingentos
681 2385 759 2459 oepit
771 2400 882 2461 eosque
900 2400 1009 2442 summo
1030 2385 1085 2444 ho·

164 2484 235 2525 nore
247 2468 385 2541 tractavit,
405 2469 519 2525 eooisos
532 2466 676 2544 sepelivit.
710 2465 790 2538 Quos
810 2485 873 2525 oum
885 2466 1007 2526 adverso
1018 2469 1086 2528 vul-

164 2567 234 2607 nere
250 2560 279 2608 et
295 2551 366 2607 truoi
385 2548 462 2608 vultu
476 2552 557 2608 etiam
570 2559 696 2608 mortuos
713 2552 806 2608 iacere
819 2551 955 2626 vidisset,
977 2544 1086 2614 tulisse

165 2633 200 2691 ad
220 2633 330 2692 eoelum
347 2651 444 2691 manus
462 2632 564 2692 dieitur
582 2651 644 2691 cum
661 2633 819 2693 haovoee:
838 2636 977 2695 04101400
995 2637 1088 2698 orbis

166 2718 319 2777 dominum
334 2736 401 2777 esse
408 2736 450 2794 po
452 2719 555 2791 titisse,
568 2736 594 2776 rs
590 2718 749 2777 toleseihi
760 2719 867 2779 milites
875 2719 1086 2795 eontiqe'asent.

99 2819 153 2860 4..0
229 2801 317 2859 Gne
328 2797 393 2858 Xll.
410 2798 503 2878 (Vll)
527 2798 628 2859 Postea
644 2798 766 2875 Pyrrhus
785 2803 885 2860 lunatis
905 2801 959 2860 sibi
971 2801 1086 2864 Samni·

106 2886 152 2928 ⁴⁷2·
165 2885 257 2959 tibus,
278 2883 397 2942 Lucanis
415 2884 587 2960 Bruttirsque
602 2883 720 2942 Romam
739 2886 871 2960 perrexit,
894 2886 985 2943 omnia
1002 2886 1086 2949 ferro

166 2969 282 3045 ignique
301 2969 435 3042 vastavit,
457 2967 635 3044 Campaniam
661 2967 849 3045 depopulatus
873 2978 918 3027 est
939 2977 1025 3046 atque
1047 2973 1088 3033 ad

165 3050 337 3110 Praenesten
352 3053 430 3109 venit
448 3050 566 3110 miliario
587 3052 622 3110 ab
647 3052 717 3110 urbe
736 3060 838 3110 octavo
860 3052 978 3111 decimo.
1011 3053 1088 3118 Mox

165 3144 275 3192 terrore
286 3136 439 3208 exereitus,
458 3136 505 3213 qui
518 3153 580 3193 cum
593 3135 712 3194 consule
725 3136 906 3213 sequebatur,
919 3139 947 3193 in
959 3135 1087 3215 Campa-

165 3219 238 3277 niam
250 3237 283 3276 se
294 3220 413 3294 recepit.
446 3217 544 3294 legati
564 3217 599 3277 ad
610 3217 744 3293 Pyrrhum
757 3219 792 3277 de
804 3218 974 3278 redimendis
990 3226 1086 3298 eapti·

166 3303 209 3359 vis
218 3303 296 3360 missi
307 3302 342 3360 ab
355 3318 391 3359 eo
403 3302 558 3360 honorifice
569 3305 695 3378 suseepti
708 3313 780 3362 sunt.
794 3302 928 3379 Captivos
941 3305 1002 3362 sine
1014 3323 1085 3381 pre·

166 3386 205 3443 tio
224 3385 342 3444 Romam
359 3388 443 3444 misit.
476 3385 566 3444 Unum
587 3403 622 3443 ex
642 3378 742 3461 legatis
758 3385 959 3461 Romanorum,
981 3384 1084 3449 Fabri·
