2310 3840
97 1071 150 1111 mu.

100 1137 144 1178 hob.

166 209 206 269 28
513 211 725 269 uuunortt

164 385 274 435 nerunt.
311 376 386 434 lnter
403 375 474 433 alios
492 377 574 434 etiam
594 377 671 433 venit
688 373 798 433 Attalus
817 383 902 452 atque
921 373 1076 452 Eumenes,

164 457 251 516 Asiae
266 478 362 534 reges,
383 468 411 516 et
422 457 534 516 Prusias
546 457 703 536 Bithyniae.
724 456 828 534 lllagno
840 459 949 516 honora
964 461 1077 537 accepti

165 552 228 600 sunt
244 552 272 600 et
289 543 468 617 permittente
481 551 579 600 senatu
592 542 674 616 dona,
695 558 768 618 quae
781 539 938 616 attulerant,
952 543 979 600 in
993 540 1077 620 Capi·

165 625 234 683 tolio
258 634 423 701 posuerunt.
463 624 575 683 Prusias
592 626 675 684 etiarn
693 623 778 683 hlium
796 642 875 682 suum
891 623 1077 685 Nicomedem

165 711 275 767 senatui
293 707 506 788 commendavit.

227 793 312 850 Chr.
328 791 377 850 lx.
406 789 569 870 Insequenti
589 806 660 850 anno
675 790 706 850 h.
726 789 873 849 Mummius
896 793 922 850 in
942 791 1076 869 Hispania

164 876 237 934 bene
249 877 395 951 pugnavit.
423 874 574 934 lllarcellus
597 883 697 951 postea
714 874 813 933 consul
831 893 877 933 res
894 875 997 933 ibidem
1010 891 1076 952 pro·

165 977 250 1035 spere
261 960 361 1034 gessit.

228 1042 313 1101 Chr.
326 1041 362 1100 X.
376 1041 442 1120 (V.)
472 1041 595 1101 Tertium
607 1040 709 1099 deinde
729 1039 832 1100 bellum
849 1050 945 1099 contra
961 1039 1075 1102 Cartha·

163 1127 258 1201 ginem
273 1126 443 1201 suscipitur,
471 1126 679 1184 sexcentesimo
702 1134 731 1183 et
749 1123 837 1182 altero
855 1141 927 1182 anno
949 1125 983 1184 ab
1005 1127 1076 1185 urhe

166 1209 294 1282 condita,
313 1206 344 1266 t.
356 1207 459 1266 hlanlio
478 1206 635 1268 Censorino
657 1216 685 1266 et
698 1207 744 1266 Μ’.
756 1206 869 1266 ltlanilio
887 1225 982 1284 coss,
1003 1226 1075 1267 auno

166 1314 201 1351 m.
216 1301 291 1368 post,
305 1311 386 1369 quam
399 1292 553 1352 secundum
565 1291 698 1350 Punicum
709 1289 815 1350 bellum
829 1300 1074 1352 transactumerat.

164 1376 198 1434 Hi
214 1375 335 1452 profecti
352 1373 549 1452 Carthaginem
562 1383 807 1452 oppugnaverunt.
826 1372 928 1433 Contra
937 1392 989 1433 eos
1004 1375 1074 1435 Has·

164 1459 271 1534 druhal,
286 1459 341 1517 dux
353 1458 634 1537 Carthaginiensium,
651 1458 809 1516 dimicabat.
839 1457 969 1534 Phamea,
979 1458 1035 1518 dux
1046 1477 1074 1518 a·

163 1541 232 1616 lius,
257 1544 391 1618 equitatui
418 1550 547 1618 praeerat
562 1540 844 1617 Carthaginiensium.
873 1541 971 1617 Scipio
995 1551 1072 1618 tunc,

164 1626 306 1701 Scipionis
329 1623 454 1682 Airicani
478 1641 586 1701 nepos,
613 1625 738 1683 tribunus
754 1625 793 1682 ibi
812 1624 955 1684 militabat.
985 1625 1074 1685 lluius

162 1707 235 1784 apud
249 1725 346 1765 omnes
359 1710 459 1782 ingens
470 1717 560 1765 metus
575 1717 603 1765 et
622 1710 779 1766 reverentia
791 1715 859 1767 erat.
890 1707 961 1767 Nam
980 1719 1008 1768 et
1025 1726 1074 1786 pa·

162 1792 317 1849 ratissimus
340 1790 374 1849 ad
402 1790 585 1849 dimicandum
610 1799 639 1848 et
663 1789 886 1849 consultissimus
904 1792 1073 1854 habebatur.

161 1873 259 1950 ltaque
277 1891 328 1949 per
347 1892 410 1931 eum
426 1873 510 1932 rnulta
527 1891 668 1951 prospere
686 1892 702 1932 a
721 1873 884 1932 consulibua
897 1884 979 1952 gesta
998 1885 1072 1952 sunt,

162 1956 381 2033 necquidquam
400 1959 489 2034 magis
503 1956 550 2015 vel
564 1955 721 2016 Hasdrubal
738 1956 784 2014 vel
802 1955 920 2017 Phamea
938 1959 1072 2037 vitabant,

161 2058 243 2118 quarn
255 2048 351 2099 contra
363 2059 423 2099 earn
434 2040 622 2100 Romanorum
632 2049 740 2117 partem
749 2043 934 2118 committere,
952 2043 999 2101 ubi
1011 2043 1073 2102 Sci·
1114 2077 1118 2084 ,

161 2126 209 2201 pia
225 2124 383 2183 dimicabat.

103 2233 157 2274 gn,
224 2207 310 2266 Chr.
323 2207 372 2266 xl.
405 2207 459 2266 Per
478 2206 552 2265 idern
568 2204 856 2283 tempuslllasinissa,
875 2226 927 2267 rex
941 2206 1071 2270 Numida·

107 2302 152 2341 604.

160 2310 230 2366 rum,
244 2309 296 2368 per
307 2309 394 2349 annos
407 2293 552 2367 sexaginta
564 2290 625 2348 lere
633 2291 739 2348 amicus
752 2289 985 2367 populillomani,
999 2308 1071 2353 anno

161 2377 235 2432 vitae
251 2394 339 2439 xcrn.
357 2383 481 2432 mortuus
498 2392 564 2432 xmv
576 2372 640 2431 hliis
659 2372 766 2432 relictis
783 2374 949 2450 Scipionem
966 2375 1072 2436 diviso·

160 2476 219 2515 rem
232 2458 310 2533 regni
327 2459 399 2516 inter
415 2456 487 2515 lilios
504 2475 570 2515 esse
586 2458 676 2515 iussit.

103 2556 157 2595 au.
224 2541 275 2598 Cn
289 2561 312 2600 r.
326 2538 389 2599 Xll.
415 2538 484 2598 Cum
496 2542 581 2617 igitur
597 2540 701 2599 clarum
714 2541 856 2618 Scipionis
867 2557 969 2600 nomen
980 2552 1070 2618 esset,

101 2623 146 2664 troo.

102 2691 149 2734 hott.

157 2625 267 2682 iuvenis
285 2623 376 2682 adhuc
402 2623 501 2683 consul
525 2633 568 2682 est
589 2624 680 2683 lactus
703 2633 732 2682 et
752 2634 850 2685 contra
873 2623 1071 2702 Carthaginem

159 2710 272 2766 missus.
295 2706 323 2766 Is
336 2727 397 2767 eam
412 2709 532 2784 cepitac
545 2708 637 2766 diruit.
672 2707 770 2784 Spolia
788 2709 827 2766 ibi
845 2710 974 2784 inventa,
997 2727 1072 2786 quae

158 2794 295 2850 uariarum
312 2793 453 2851 civitatum
465 2791 583 2849 excidiis
597 2790 739 2868 Carthago
752 2790 925 2869 collegerat,
950 2800 978 2850 et
990 2809 1070 2851 orna·

159 2884 250 2934 rnenta
268 2877 375 2934 urhium
394 2875 553 2934 civitatibus
566 2874 692 2950 Siciliae,
711 2873 823 2951 ltaliae,
844 2873 959 2934 Africae
976 2875 1070 2935 reddi·

159 2957 213 3033 dit,
236 2978 309 3036 quae
321 2978 370 3018 sua
382 2959 637 3035 recognoscebant.
669 2957 711 3017 lta
722 2958 863 3035 Carthago
876 2961 1070 3036 septingente-

160 3043 230 3100 simo
243 3059 326 3117 anno,
341 3061 422 3120 quarn
436 3042 547 3100 condita
559 3051 632 3117 erat,
655 3042 748 3101 deleta
760 3051 813 3100 est.
842 3043 940 3119 Scipio
956 3059 1069 3119 nomen,

159 3126 234 3203 quod
250 3144 318 3185 avus
335 3129 397 3184 eius
409 3135 575 3202 acceperat,
595 3128 706 3201 meruit,
721 3126 831 3186 scilicet
845 3135 873 3185 ut
886 3135 1004 3204 propter
1014 3127 1069 3184 vir·

157 3218 242 3267 tutem
258 3211 340 3266 etiam
355 3212 417 3285 ipse
429 3207 577 3266 Africanus
589 3211 681 3267 iunior
694 3219 854 3269 vocaretur.

219 3293 269 3350 Cn
280 3312 305 3350 r.
319 3291 396 3350 xltt.
414 3291 493 3371 (Vl.)
511 3292 625 3350 interim
638 3295 665 3351 in
677 3292 843 3353 hlaoedonia
856 3293 967 3371 quidam
981 3292 1068 3351 Pseu-

156 3373 339 3452 dophilippus
357 3394 431 3434 arma
447 3378 548 3451 movit,
567 3385 595 3434 et
606 3376 760 3434 Romanum
781 3386 955 3454 praetorem,
981 3375 1011 3434 Ρ.
1024 3373 1066 3433 lu·
