2266 3832
221 225 327 271 mnan
347 223 576 273 usuosmms.
599 207 675 285 XV.
688 207 782 273 XVI.
797 207 909 273 XVII.
1034 217 1074 279 15

64 396 147 441 cum·
169 374 319 456 fluvium,
352 384 421 439 tum
448 383 527 469 aput
551 375 658 438 Issum
681 373 832 458 Ciliciae,
864 379 959 441 tertio
984 380 1071 464 apud

63 457 207 540 Arbela,
235 457 341 522 tribus
360 458 493 544 proeliis
512 467 658 522 trecenta
678 459 838 544 peditum,
866 460 887 537 †
907 460 1070 545 legionum

66 542 229 629 equitum,
263 542 326 605 duo
354 541 444 605 milia
469 540 661 606 falcatorum
683 564 836 607 curruum
857 545 946 608 vicit.
990 545 1072 611 Mox

63 646 180 709 regem
206 624 361 688 Indorum
390 633 421 687 et
447 647 558 689 omnes
579 626 679 689 Asiae
707 634 821 709 gentes
850 626 909 690 sub
931 639 1071 713 potesta-

36 717 136 775 stem
163 729 255 771 suam
280 709 408 792 redegit
435 719 467 772 et
492 709 712 774 nobilissimas
734 708 831 773 urbes
852 711 952 775 Asiae
977 716 1072 798 cepit,

64 790 203 872 Sardes,
225 790 359 872 Bactra,
385 790 482 871 Susa,
505 792 736 878 Babyloniam,
758 791 815 855 ubi
842 795 939 857 etiam
958 796 1072 859 defun·

62 884 137 939 ctus
157 886 213 951 est,
238 874 371 938 dubium
400 897 419 938 a
440 875 619 940 vinolentia
641 898 684 940 an
704 898 844 959 veneno,
868 899 941 941 curn
963 889 1072 944 tamen

61 958 156 1044 prius
189 967 221 1022 et
249 957 396 1022 Africam
424 969 631 1045 peragrasset
662 981 764 1046 usquc
791 960 833 1023 ad
854 961 968 1025 Iovem
992 965 1072 1027 Am-

62 1062 193 1105 monem
215 1051 247 1105 et
261 1042 427 1106 Oceanum
446 1045 568 1127 primus
590 1045 733 1107 omnium
751 1044 949 1129 navigasset.
993 1047 1098 1110 Phi-3

23 1143 54 1185 ro
64 1124 89 1188 li
112 1145 187 1209 pus,
210 1127 265 1211 qui
276 1136 350 1211 post
360 1126 585 1190 Alexandrum
596 1127 808 1191 Macedonem
819 1129 954 1213 septimo
966 1130 1070 1214 gradu

142 1208 278 1274 adoniae
293 1211 458 1293 regnavit,
477 1211 624 1275 invectus
644 1212 679 1273 in
694 1210 865 1276 Graeciam
883 1233 956 1276 cum
973 1236 1070 1278 saeve

64 1291 301 1374 dominaretur,
336 1314 356 1355 a
379 1292 521 1379 Sulpicio
559 1294 689 1358 consule
724 1296 759 1357 in
786 1294 929 1359 Phocide
962 1298 1070 1361 victus

64 1384 131 1457 est,
161 1396 237 1441 mox
260 1397 280 1439 a
300 1376 484 1442 Flaminino
505 1377 541 1440 in
562 1376 774 1465 [hlacedonia]
802 1377 971 1443 Thessalia
993 1392 1071 1466 aput

65 1458 347 1545 Cynoscephalas,
372 1459 429 1523 ubi
457 1460 532 1524 dato
558 1461 671 1525 obside
693 1462 760 1543 filio
781 1461 948 1527 Demetrio
975 1464 1069 1548 regni

29 1551 158 1630 aparte
176 1542 330 1608 multatus
353 1553 411 1607 est.
461 1544 580 1608 Perses
601 1544 744 1630 Philippi
770 1545 870 1627 filius,
905 1568 977 1611 cum
1001 1563 1093 1611 mat

61 1626 162 1691 ximis
190 1628 291 1712 copiis
311 1627 511 1692 Macedoniis
533 1628 582 1665 *³*
611 1637 736 1692 etcum
762 1630 796 1690 in
818 1628 990 1694 Graeciam
1011 1633 1068 1695 im-

61 1718 175 1795 petum
195 1709 340 1791 fecisset,
363 1734 435 1775 cum
453 1711 604 1774 inanibus
626 1711 675 1775 ele
698 1711 869 1775 hantorum
888 1715 1068 1779 simulacris

62 1814 83 1856 a
114 1791 239 1858 Marcio
269 1794 401 1858 consule
433 1795 519 1879 apud
547 1735 740 1860 Ascuridem
771 1796 924 1893 paludem
952 1799 1069 1879 victua,

10 1936 13 1949 ,
61 1878 174 1963 praeci
198 1878 286 1940 itatis
308 1879 342 1941 in
365 1899 453 1941 mare
474 1878 634 1941 thesauris
678 1879 816 1964 refugit,
844 1902 921 1944 mox
942 1881 983 1944 ab
1004 1883 1068 1946 Ae-

29 1958 155 2024 amilio
175 1899 286 2025 l'aulo
321 1971 389 2025 tota
423 1961 616 2026 Macedonia
650 1901 780 2045 firgatus
814 1961 1068 2029 Samothraciam

60 2042 213 2127 confugit
228 2030 418 2131 inasylunr,
440 2045 526 2108 unde
545 2045 621 2109 data
640 2044 704 2108 fide
721 2068 794 2110 cum
815 2067 849 2109 se
862 2046 964 2110 Paulo
984 2070 1068 2112 com·

59 2126 220 2208 misisset,
252 2138 327 2192 ante
354 2150 483 2192 currum
510 2130 579 2192 eius
606 2130 642 2190 in
667 2129 864 2214 triumphum
891 2130 1067 2214 productus

59 2230 141 2274 mox
170 2208 275 2274 libera
303 2213 450 2276 custodia
474 2213 509 2275 in
536 2210 665 2275 Albano
695 2213 873 2276 consenuit.
925 2212 1097 2278 Pseudo-5

58 2290 244 2380 philippus,
275 2296 328 2358 vir
380 2295 504 2360 lebeius
535 2305 569 2358 et
600 2295 758 2378 degener,
790 2319 862 2360 cum
892 2318 934 2360 ex
956 2296 1067 2360 simili-

27 2374 178 2451 atudine
199 2377 324 2442 formae
344 2318 489 2464 fhilippi
509 2379 611 2442 filium
633 2400 668 2442 se
696 2401 767 2443 esse
792 2380 1008 2478 persuasisset
1036 2391 1068 2444 ot

59 2458 261 2527 Macedonas
282 2464 318 2526 in
336 2462 459 2526 bellum
479 2464 666 2543 excitasset,
694 2464 778 2526 inter
798 2465 891 2527 mitia
911 2462 1068 2527 tumultus

57 2543 314 2628 comprehensus
347 2547 407 2610 sub
435 2546 582 2611 custodia
608 2547 726 2609 missus
754 2557 803 2611 est
829 2547 977 2626 Romam,
1010 2547 1069 2611 ubi

58 2646 138 2691 cum
168 2649 211 2691 ex
239 2629 387 2692 custodia
413 2629 608 2713 aufugisset,
642 2632 802 2694 concitata
828 2653 940 2694 rursus
961 2630 1068 2695 Macc-

58 2708 161 2775 donia
182 2710 355 2777 Thraciam
374 2712 461 2777 bello
483 2714 616 2796 recepit.
661 2712 701 2776 In
721 2735 796 2778 arce
816 2716 910 2798 regni
934 2713 1068 2799 paluda-

22 2800 116 2863 rotus
139 2793 190 2857 ius
213 2795 312 2879 dixit3
341 2819 417 2861 mox
438 2817 458 2859 a
481 2795 623 2860 Caecilio
645 2796 777 2861 Metello
799 2799 923 2881 ingenti
944 2798 1068 2882 proelio

57 2877 186 2958 victus,
209 2900 282 2942 curn
301 2880 501 2965 profugisset
520 2880 555 2942 in
575 2878 761 2961 Thraciam,
784 2903 804 2943 a
824 2880 955 2964 regibus
978 2880 1067 2944 dedi·

56 2967 116 3024 tus
136 2971 180 3024 eat
203 2971 235 3024 et
255 2963 291 3026 in
310 2962 508 3048 triumphum
530 2963 727 3048 deportatus.

100 3088 237 3187 ,xvlt
277 3092 425 3160 REGES
453 3094 513 3158 ET
534 3094 685 3160 Dvcrs
706 3094 1002 3160 ROMANORVM.

145 3206 319 3293 Romulus,
342 3214 397 3298 qui
419 3213 534 3277 urbem
556 3211 711 3278 condidit.
755 3210 861 3274 Numa
877 3211 958 3275 Pom
981 3211 1068 3293 ilius,

22 3292 134 3439 ruffi
151 3298 263 3356 saera'
277 3296 455 3360 constituit.
512 3296 626 3360 Tullus
653 3295 830 3373 Hostilius,
861 3295 916 3380 qui
948 3234 1067 3358 dlbam

85 3373 93 3390 '
136 3375 172 3439 it.
222 3375 335 3442 Ancus
357 3378 509 3462 Martius,
544 3381 599 3466 qui
629 3378 720 3463 leges
745 3377 902 3463 plurimas
928 3376 1002 3440 tulit
1034 3386 1067 3440 et

60 3454 190 3523 Ostiam
211 3459 371 3526 coloniam
388 3465 562 3527 constituit.
608 3462 742 3527 Servius
761 3460 903 3542 Tullius,
925 3461 981 3545 qui
1002 3461 1064 3544 pri·
