2266 3832
101 223 144 285 26
463 235 745 286 mommurons.

61 406 95 459 29
188 389 296 474 Appio
314 387 451 453 Claudio
469 386 601 451 consule
618 408 685 451 non
702 387 744 451 ab
762 385 923 468 hostibus,
941 386 1042 452 seda
1063 386 1109 451 dis

102 468 1108 639 l}:tetulitllimlltffitlfllltllltlllttill

104 649 199 719 serat,
232 638 298 703 uod
308 658 353 723 pu
399 657 455 701 are
467 635 561 699 abiis
572 644 748 701 vetaretur.

57 728 92 779 30
222 743 297 785 areo
360 720 434 784 abio
467 720 614 785 Buteone
648 719 782 784 consule
815 717 955 783 classem
980 719 1049 783 iam
1074 720 1127 783 ins

102 806 216 871 Africo
229 806 312 868 mari
322 812 401 902 aput
410 804 624 888 Aegimurum
635 804 754 869 ostium
769 803 806 865 in
815 800 946 866 Italiam
955 800 1044 867 ultro
1054 824 1108 867 na·

59 912 92 963 31
102 891 269 973 vigentem
280 886 407 952 cecidit.
431 884 904 983 quantusquetumtriumphus
915 893 1109 984 tempestate

102 971 277 1052 intercidit,
306 991 380 1034 cum
409 968 563 1055 opulenta
582 969 704 1055 praeda
726 968 841 1033 classis
862 968 1015 1033 adversis
1036 978 1109 1033 acta

101 1056 209 1119 ventis
221 1053 393 1137 naufragio
407 1074 466 1118 suo
476 1052 624 1117 Africam
640 1061 672 1117 et
683 1050 789 1139 Syrtis
806 1059 838 1115 et
854 1051 1000 1116 omnium
1010 1052 1108 1116 inter·

59 1150 93 1201 32
102 1139 277 1202 iacentium
292 1135 472 1201 insularum
490 1135 586 1200 litora
600 1137 646 1200 im
668 1135 763 1200 levit!
780 1132 1031 1218 magnaclades,
1048 1133 1128 1199 sedt

102 1243 168 1285 non
186 1222 256 1285 sine
272 1220 381 1318 aliqua
397 1221 553 1306 principis
569 1241 633 1305 pop
670 1219 678 1234 '
698 1218 866 1303 dignitate,
893 1218 1108 1316 interceptam

103 1313 295 1391 tempestate
306 1305 477 1368 mctcriam
488 1312 520 1366 et
530 1301 728 1387 triumphum
737 1301 862 1387 perisse
873 1300 1060 1386 naufragio.
1076 1312 1107 1364 et

102 1398 212 1452 tamen
223 1408 297 1451 cum
306 1386 450 1450 Punicae
461 1385 602 1471 praedae
613 1385 763 1451 omnibus
773 1384 1008 1469 promunturiis
1019 1385 1107 1447 insu·

102 1472 208 1556 lisque
219 1470 392 1551 fluitarent,
404 1468 543 1554 populus
554 1468 719 1534 Romanus
731 1476 764 1531 et
775 1467 822 1532 sic
831 1466 1058 1553 triumphavit.

60 1566 95 1618 33
187 1553 318 1617 Lutatio
332 1551 448 1617 Catulo
464 1550 598 1617 consule
613 1551 745 1621 andem
760 1548 847 1615 bello
857 1549 932 1614 finis
944 1549 1106 1634 inpositus
1115 1560 1128 1602 ¹³

103 1646 182 1722 aput
194 1634 327 1716 insulas,
345 1633 463 1721 quibus
481 1656 599 1700 nomen
609 1636 766 1720 Aegatae,
784 1654 845 1697 nec
862 1634 967 1698 maior
978 1632 1062 1698 alias
1073 1635 1109 1698 in

59 1737 94 1788 34
103 1720 185 1783 mari
195 1740 240 1803 pu
286 1739 315 1781 a.
344 1719 456 1783 aderat
468 1719 586 1804 quippe
598 1715 839 1798 commeatibus,
857 1717 1013 1798 exercitu,
1058 1739 1108 1782 ro·

102 1823 230 1888 pugnae
267 1803 303 1881 's,
322 1802 421 1864 armis
432 1803 544 1885 gravis
557 1800 671 1865 classis
690 1808 722 1864 et
739 1801 775 1863 in
792 1819 831 1864 ea
842 1800 936 1887 quasi
946 1806 1018 1864 tota
1030 1739 1109 1866 dar-

59 1891 93 1942 35
104 1885 219 1969 thag03
233 1884 320 1971 quod
329 1885 437 1970 ipsum
447 1885 548 1949 exitio
560 1883 632 1947 fuit.
659 1883 806 1948 Romana
819 1883 934 1947 classis
945 1892 1107 1982 prompta,

104 1968 196 2049 levis,
209 1967 363 2052 expedita
382 1977 414 2032 ct
431 1967 570 2054 quodam
581 1989 701 2052 genere
716 1967 890 2030 castrensis
901 1966 945 2031 ad
957 1966 1128 2030 similas-a

105 2052 214 2116 dinem
229 2072 359 2136 pugnae
376 2073 394 2114 e
417 2053 535 2116 uestris
553 2052 600 2115 sic
618 2051 716 2114 remis
732 2051 826 2135 quasi
838 2048 975 2114 habenis
987 2048 1108 2148 ageba-

104 2145 166 2218 tur,
179 2144 211 2199 ct
221 2137 255 2198 in
265 2134 325 2200 hos
337 2074 476 2200 velidlos
487 2136 571 2199 ictus
582 2132 715 2198 mobilia
725 2141 830 2198 rostra
842 2133 983 2218 speciem
993 2154 1108 2218 viven-

60 2233 96 2287 36
105 2220 186 2283 tium
200 2217 439 2305 praeferebant.
470 2220 579 2304 itaque
595 2223 757 2282 momento
774 2215 928 2315 temporis
943 2213 1108 2283 laceratae

104 2302 245 2366 hostium
261 2310 348 2366 rates
364 2310 467 2366 totum
488 2302 572 2365 inter
589 2298 734 2364 Siciliam
750 2297 996 2384 Sardiniamque
1018 2299 1107 2385 pela-

53 2406 91 2458 37
103 2406 165 2468 gus
187 2383 304 2447 naufra
329 2384 358 2449 ὀ
381 2406 439 2448 suo
462 2392 666 2469 operuerumt.
699 2391 790 2446 tanta
807 2382 946 2469 denique
968 2381 1032 2446 luit
1049 2381 1126 2447 illas

104 2468 249 2547 victoria,
261 2475 297 2529 ut
332 2487 349 2530 e
363 2464 575 2531 excindendis
594 2464 734 2531 hostium
751 2464 920 2531 moenibus
931 2486 998 2530 non
1009 2486 1107 2551 quae·

103 2558 238 2613 reretur.
263 2570 500 2634 supervacuum
511 2550 618 2614 visum
630 2558 679 2612 est
689 2549 724 2612 in
734 2569 842 2614 arcem
852 2568 1026 2635 murosque
1038 2570 1107 2613 sac·

104 2634 184 2714 vire,
197 2653 271 2696 eum
281 2633 347 2696 iam
358 2634 393 2696 in
403 2633 486 2696 mari
498 2641 585 2697 esset
599 2631 706 2696 deleta
719 2630 893 2718 Carthago.

289 2762 435 2829 XVIIII.
455 2762 640 2828 BELLVM
655 2761 921 2828 Lluvmcvnz

37 2904 72 2968 11,
85 2889 104 2952 3
189 2882 324 2947 Peracto
335 2881 458 2947 Punico
468 2880 555 2946 bello
569 2889 678 2946 secuta
689 2889 739 2945 est
748 2880 859 2946 brevis
871 2901 949 2945 sane
960 2882 1054 2967 quasi
1065 2881 1128 2946 ads

104 2965 361 3053 recuperandum
377 2966 525 3050 spiritum
547 2966 687 3051 requies,
710 2972 998 3050 argumentumque
1015 2967 1107 3050 pacis

106 3060 137 3116 et
148 3051 234 3115 bona
250 3048 315 3112 fide
332 3049 527 3112 cessantium
545 3069 707 3112 armorum
720 3055 789 3111 tum
800 3049 940 3134 primum
953 3059 1030 3146 post
1041 3047 1107 3110 Nu-

108 3157 194 3199 mam
204 3133 313 3197 elausa
325 3140 419 3217 porta
430 3130 503 3195 Iani
513 3131 588 3214 fuit3
600 3131 753 3217 deinceps
766 3131 875 3195 statim
885 3152 924 3195 ac
935 3152 1005 3194 sine
1017 3152 1108 3197 mora

82 3220 219 3307 aparuit.
241 3216 358 3303 quippe
369 3216 433 3279 iam
443 3213 591 3298 Ligures,
611 3216 676 3276 iam
686 3213 840 3278 Insubres
853 3214 950 3295 Galli,
968 3236 1107 3279 necnon

109 3314 140 3368 et
151 3301 276 3389 Illyrici
286 3298 498 3379 lacessebant,
516 3298 596 3360 sitae
609 3297 668 3361 sub
683 3296 832 3383 Alpibus,
844 3298 880 3362 id
891 3306 941 3361 est
952 3296 1013 3361 sub
1025 3299 1037 3361 i
1060 3299 1126 3361 sis³

107 3387 222 3451 ltaliae
239 3381 386 3449 faucibus
405 3390 528 3467 gentes,
554 3380 614 3444 deo
633 3380 772 3464 quodam
788 3381 943 3444 incitante
959 3320 1105 3462 adsidue,

81 3490 148 3540 :lnc
165 3469 348 3556 rubiginem
364 3488 401 3530 ac
419 3467 515 3530 situm
532 3463 654 3528 scilicet
665 3483 755 3526 arma
772 3465 937 3527 sentirent.
967 3462 1106 3551 denique
