2266 3832
247 230 455 290 Htstolttatt
475 230 667 290 ROMANAE
689 230 730 303 11,
752 238 796 291 93.
812 238 856 292 et.
997 226 1037 295 71

61 382 212 443 aerarium
236 381 383 456 pecunias
407 382 563 457 publicas,
590 392 653 443 tum
678 383 709 442 in
734 383 863 444 comitiis
887 384 1037 447 habendis

64 466 262 543 praecipuum
283 466 344 540 egit
365 467 535 527 consulem:
560 484 629 526 nam
650 474 679 526 et
701 474 893 540 quaesturam
909 468 1071 542 petentIss

64 567 144 627 quos
159 549 301 624 indignos
315 548 473 623 iudicavit,
490 550 626 625 profiteri
640 551 749 623 vetuit,
764 558 878 611 etcum
896 552 926 610 id
945 553 1038 611 lactu-

62 650 117 695 ros
131 648 166 693 se
181 640 427 707 perseverarent,
444 634 650 707 consularem,
667 634 693 693 si
709 634 739 693 in
755 649 894 708 eampum
910 635 1039 694 descen-

63 718 197 788 dissent,
223 716 386 775 vindictam
402 717 532 776 minatus
547 724 608 776 est.
634 723 664 776 et
678 717 854 791 Egnatium,
880 717 1038 778 florentem

63 802 171 860 lavore
193 798 315 874 publico
337 806 573 874 sperantemque
595 810 627 858 ut
646 809 817 873 praeturam
840 800 984 861 aedilitati
999 802 1040 861 ita

62 883 256 944 consulatum
278 889 438 957 praeturae
453 898 488 942 se
509 884 694 955 iuncturam,
723 885 858 959 profiteri
881 884 988 958 vetuit,
1010 890 1040 943 ct

64 982 134 1027 cum
148 967 180 1025 id
194 982 256 1025 non
272 966 466 1038 obtinuisset,
483 967 605 1038 Iuravit,
624 968 740 1027 etiamsi
756 969 853 1028 laetus
869 975 953 1027 esset
967 984 1040 1027 con-

63 1052 112 1111 sul
127 1049 281 1123 suffragiis
296 1050 418 1124 populi,
440 1056 538 1108 tamen
561 1066 596 1109 se
616 1065 685 1109 eum
706 1068 767 1110 non
782 1052 1039 1111 renunciaturum.

64 1134 153 1207 Quod
168 1148 225 1207 ego
242 1134 353 1192 lactum
367 1132 490 1192 cuilibet
505 1140 638 1192 veterum
655 1136 814 1194 consulum
827 1134 943 1209 gloriae
958 1124 1072 1194 com-4

66 1207 233 1293 p'arandum
254 1232 339 1289 reor,
361 1215 419 1274 nisi
442 1216 525 1290 quod
540 1216 715 1276 naturaliter
729 1219 832 1277 audita
844 1219 920 1277 visis
935 1219 1041 1278 lauda-

66 1316 133 1360 mus
148 1299 290 1359 libentius
304 1308 333 1359 et
348 1299 520 1374 praesentia
534 1299 656 1373 invidia,
672 1301 834 1374 praeterita
847 1303 1040 1360 veneratione

65 1384 279 1459 prosequimur
293 1390 324 1442 et
338 1383 384 1442 his
399 1399 457 1442 nos
474 1382 576 1455 obrui,
592 1384 650 1442 illis
665 1383 773 1443 instrui
788 1383 950 1443 credimus.

148 1466 249 1527 XCIII.
278 1468 356 1526 Ante
372 1465 531 1526 triennium
548 1467 626 1540 lere,
648 1483 738 1541 quam
752 1467 954 1540 Egnatianum
974 1477 1072 1530 sce-l

64 1553 113 1612 lus
128 1557 313 1625 erumperet,
330 1549 411 1609 eirca
424 1549 569 1609 Murenae
585 1549 809 1625 Caepionisque
824 1550 1041 1611 coniurationis

65 1644 201 1707 tempus,
220 1634 328 1693 abhinc
344 1651 442 1693 annos
459 1634 691 1709 quinquaginta,
706 1634 746 1693 M.
761 1634 938 1708 Marcellos,
954 1650 1040 1695 soro·

64 1719 106 1778 ris
127 1718 258 1792 Augusti
280 1716 422 1776 Octaviae
443 1718 539 1787 filius,
567 1733 657 1790 quem
678 1718 816 1778 hommes
838 1719 892 1791 ita,
918 1718 944 1778 si
967 1717 1041 1793 quid

64 1801 229 1862 accidisset
250 1801 388 1874 Caesari,
414 1816 627 1861 successorem
649 1802 801 1876 potentiae
824 1802 890 1862 eius
916 1801 1041 1861 arbitra-

65 1885 174 1944 bantur
188 1886 336 1954 iuturum,
359 1892 393 1943 ut
411 1891 511 1943 tamen
531 1885 561 1943 id
578 1900 632 1958 per
646 1885 685 1943 Μ.
699 1886 866 1959 Agrippam
888 1901 998 1945 securo
1013 1886 1040 1943 ei

66 1983 162 2041 posse
191 1968 366 2039 contingere
394 1983 455 2026 non
484 1965 711 2040 existimarent,
740 1968 1041 2040 magnificentissimo

64 2065 190 2108 munere
204 2049 366 2108 aedilitatis
381 2049 461 2109 edito
478 2048 612 2108 decessit
626 2049 790 2109 admodum
806 2051 940 2123 iuvenis,
956 2066 1040 2121 sane,

64 2141 98 2192 ut
112 2131 210 2204 aiunt,
233 2131 433 2205 ingenuarum
455 2133 594 2190 vlrtutum
615 2132 775 2207 laetusque
790 2132 881 2192 animi
896 2140 926 2192 et
940 2134 1041 2207 ingeni

65 2218 275 2290 fortunaeque,
291 2216 320 2274 in
337 2231 428 2289 quam
443 2215 587 2285 alebatur,
604 2229 712 2289 capax.
739 2216 811 2276 Post
826 2217 912 2277 cuius
928 2217 1042 2276 obitum
1056 2226 1073 2277 a

64 2300 217 2375 Agrippa,
237 2297 288 2374 qui
303 2298 361 2358 sub
376 2299 481 2372 specie
497 2297 729 2359 ministeriorum
746 2298 955 2374 priucipalium
972 2315 1041 2374 pro-

64 2386 163 2443 tectus
185 2383 214 2441 in
229 2383 351 2455 AsIam,
372 2390 405 2441 ut
426 2382 505 2442 lama
525 2381 674 2456 loquitur,
697 2383 736 2442 ob
758 2383 866 2443 tacitas
882 2399 949 2442 cum
963 2383 1041 2442 Illar-

65 2468 143 2527 cello
156 2466 344 2526 offensiones
360 2465 514 2540 praesenti
531 2481 566 2525 se
580 2465 772 2526 subduxerat
786 2468 922 2540 tempori,
938 2482 1035 2525 rerer·

64 2566 120 2610 sus
136 2551 206 2609 inde
220 2549 312 2608 filiam
325 2549 464 2609 Caesaris
478 2549 592 2620 Iuliam,
610 2565 701 2624 quam
717 2550 745 2609 in
761 2551 951 2610 matrimonio
962 2550 1042 2609 Mar-

65 2633 160 2693 cellus
171 2632 333 2705 habuerat,
351 2634 437 2692 duxit
447 2648 586 2705 uxorem,
603 2634 744 2693 seminam
756 2650 857 2709 neque
869 2634 926 2694 sibl
940 2649 1041 2709 neque

65 2716 251 2791 reipublicae
269 2716 364 2774 lelieis
381 2717 467 2774 uteri

147 2799 249 2859 XCIV.
279 2799 344 2858 Hoc
361 2806 457 2858 tractu
472 2806 642 2874 temporum
656 2802 698 2858 Ti.
716 2800 860 2860 Claudius
873 2801 964 2873 Nero,
980 2816 1041 2874 quo
1057 2805 1073 2858 l

65 2884 162 2954 trimo,
174 2889 208 2941 ut
219 2882 434 2956 praediximus,
446 2883 540 2954 Livia,
555 2884 644 2942 Drusi
655 2883 811 2942 Claudiani
822 2883 892 2954 filia,
908 2884 1042 2956 despon-

66 2968 158 3026 dente
171 2965 353 3037 Ti.Nerone,
371 2966 420 3024 cui
435 2974 504 3024 ante
520 2973 614 3038 nupta
630 2965 733 3034 luerat,
750 2966 872 3024 Caesari
887 2972 1042 3038 nupserat,

66 3049 227 3109 Innutritus
249 3049 425 3108 coelestium
455 3057 685 3122 praeceptorum
711 3044 897 3121 disciplinis,
924 3046 1043 3107 iuvenis

65 3147 188 3205 genere,
204 3133 309 3205 forma,
325 3132 504 3192 celsitudine
520 3132 668 3206 eorporis,
686 3130 809 3204 optimis
825 3129 933 3189 studiis
949 3130 1043 3189 maxi-

66 3231 179 3288 moque
194 3216 316 3289 ingenio
332 3216 592 3287 instructissimus,
609 3215 660 3288 qui
676 3212 822 3288 protinus,
839 3223 970 3288 quantus
986 3220 1043 3285 esl,

65 3297 184 3372 sperari
197 3306 345 3373 potuerat,
363 3300 494 3373 visuque
507 3299 691 3374 praetulerat
703 3295 879 3372 prinoipem,
897 3302 1044 3370 quaestor

66 3382 326 3441 undevIcesimum
341 3397 452 3441 annum
467 3398 562 3457 agens
578 3396 743 3455 capessere
758 3380 860 3454 eoepit
879 3377 1043 3451 rempubli-

66 3480 132 3523 cam
148 3466 372 3540 maximamque
387 3466 594 3526 difficultatem
609 3479 749 3523 arnnonae
763 3479 799 3521 ac
814 3464 857 3521 rei
880 3464 1042 3520 trumentu-
