<?xml version="1.0" encoding="UTF-8"?>
<!DOCTYPE html PUBLIC "-//W3C//DTD XHTML 1.0 Transitional//EN"
    "http://www.w3.org/TR/xhtml1/DTD/xhtml1-transitional.dtd">
<html xmlns="http://www.w3.org/1999/xhtml" xml:lang="en" lang="en">
 <head>
  <title>
</title>
<meta http-equiv="Content-Type" content="text/html;charset=utf-8" />
  <meta name='ocr-system' content='tesseract 3.04.00' />
  <meta name='ocr-capabilities' content='ocr_page ocr_carea ocr_par ocr_line ocrx_word'/>
</head>
<body>
  <div class='ocr_page' id='page_1' title='image "./eutropiibreviar01crugoog_0156.png"; bbox 0 0 2266 3832; ppageno 0'>
   <div class='ocr_carea' id='block_1_1' title="bbox 364 188 1065 277">
    <p class='ocr_par' dir='ltr' id='par_1_1' title="bbox 364 188 1065 277">
     <span class='ocr_line' id='line_1_1' title="bbox 364 188 1065 277; baseline 0 -23"><span class='ocrx_word' id='word_1_1' title='bbox 364 188 769 277; x_wconf 82' lang='lat'><strong>1,31-33[11,15-17].</strong></span> <span class='ocrx_word' id='word_1_2' title='bbox 1024 193 1065 254; x_wconf 85' lang='lat'><strong>43</strong></span> 
     </span>
    </p>
   </div>
   <div class='ocr_carea' id='block_1_2' title="bbox 19 355 1112 3514">
    <p class='ocr_par' dir='ltr' id='par_1_2' title="bbox 21 355 1094 1686">
     <span class='ocr_line' id='line_1_2' title="bbox 56 355 1066 444; baseline -0.003 -23"><span class='ocrx_word' id='word_1_3' title='bbox 56 356 447 444; x_wconf 89' lang='lat' dir='ltr'><strong>unumundiquebellum</strong></span> <span class='ocrx_word' id='word_1_4' title='bbox 456 355 992 443; x_wconf 79' lang='lat' dir='ltr'><strong>iuit3prorsusutscintillaequasi</strong></span> <span class='ocrx_word' id='word_1_5' title='bbox 1043 358 1066 404; x_wconf 86' lang='lat'><strong>‘-</strong></span> 
     </span>
     <span class='ocr_line' id='line_1_3' title="bbox 55 438 1066 525; baseline -0.003 -20"><span class='ocrx_word' id='word_1_6' title='bbox 55 440 207 505; x_wconf 89' lang='lat' dir='ltr'><strong>tantibus</strong></span> <span class='ocrx_word' id='word_1_7' title='bbox 225 440 333 505; x_wconf 89' lang='lat' dir='ltr'><strong>ventis</strong></span> <span class='ocrx_word' id='word_1_8' title='bbox 357 439 526 504; x_wconf 88' lang='lat' dir='ltr'><strong>diffudisse</strong></span> <span class='ocrx_word' id='word_1_9' title='bbox 544 440 704 525; x_wconf 78' lang='lat' dir='ltr'><strong>quaedam</strong></span> <span class='ocrx_word' id='word_1_10' title='bbox 724 438 805 503; x_wconf 91' lang='lat' dir='ltr'><strong>belli</strong></span> <span class='ocrx_word' id='word_1_11' title='bbox 820 438 971 502; x_wconf 88' lang='lat' dir='ltr'><strong>incendia</strong></span> <span class='ocrx_word' id='word_1_12' title='bbox 988 460 1024 502; x_wconf 90' lang='lat' dir='ltr'><strong>or</strong></span> <span class='ocrx_word' id='word_1_13' title='bbox 1048 461 1066 502; x_wconf 93' lang='lat' dir='ltr'><strong>e</strong></span> 
     </span>
     <span class='ocr_line' id='line_1_4' title="bbox 55 523 1081 589; baseline 0.002 -2"><span class='ocrx_word' id='word_1_14' title='bbox 55 532 130 589; x_wconf 89' lang='lat' dir='ltr'><strong>toto</strong></span> <span class='ocrx_word' id='word_1_15' title='bbox 141 523 340 589; x_wconf 88' lang='lat' dir='ltr'><strong>viderentur.</strong></span> <span class='ocrx_word' id='word_1_16' title='bbox 1079 583 1081 589; x_wconf 92' lang='lat'><em>.</em></span> 
     </span>
     <span class='ocr_line' id='line_1_5' title="bbox 146 605 1094 693; baseline -0.004 -22"><span class='ocrx_word' id='word_1_17' title='bbox 146 606 327 693; x_wconf 78' lang='lat' dir='ltr'><strong>Hispaniae</strong></span> <span class='ocrx_word' id='word_1_18' title='bbox 337 627 513 693; x_wconf 81' lang='lat' dir='ltr'><strong>numquam</strong></span> <span class='ocrx_word' id='word_1_19' title='bbox 524 607 650 683; x_wconf 86' lang='lat' dir='ltr'><strong>animus</strong></span> <span class='ocrx_word' id='word_1_20' title='bbox 663 605 724 671; x_wconf 85' lang='lat' dir='ltr'><strong>fuit</strong></span> <span class='ocrx_word' id='word_1_21' title='bbox 742 605 917 670; x_wconf 89' lang='lat' dir='ltr'><strong>adversum</strong></span> <span class='ocrx_word' id='word_1_22' title='bbox 926 626 985 669; x_wconf 90' lang='lat' dir='ltr'><strong>nos</strong></span> <span class='ocrx_word' id='word_1_23' title='bbox 997 605 1094 678; x_wconf 83' lang='lat' dir='ltr'><strong>uni-3</strong></span> 
     </span>
     <span class='ocr_line' id='line_1_6' title="bbox 31 687 1066 775; baseline -0.007 -18"><span class='ocrx_word' id='word_1_24' title='bbox 31 710 178 757; x_wconf 73' lang='lat' dir='ltr'><strong>eversae</strong></span> <span class='ocrx_word' id='word_1_25' title='bbox 190 710 401 773; x_wconf 77' lang='lat' dir='ltr'><strong>consurgere,</strong></span> <span class='ocrx_word' id='word_1_26' title='bbox 418 710 593 775; x_wconf 86' lang='lat' dir='ltr'><strong>numquam</strong></span> <span class='ocrx_word' id='word_1_27' title='bbox 603 689 752 754; x_wconf 83' lang='lat' dir='ltr'><strong>conferre</strong></span> <span class='ocrx_word' id='word_1_28' title='bbox 764 690 851 752; x_wconf 88' lang='lat' dir='ltr'><strong>vires</strong></span> <span class='ocrx_word' id='word_1_29' title='bbox 869 709 944 751; x_wconf 91' lang='lat' dir='ltr'><strong>suas</strong></span> <span class='ocrx_word' id='word_1_30' title='bbox 960 687 1066 769; x_wconf 92' lang='lat' dir='ltr'><strong>libuit,</strong></span> 
     </span>
     <span class='ocr_line' id='line_1_7' title="bbox 59 772 1068 857; baseline -0.004 -20"><span class='ocrx_word' id='word_1_31' title='bbox 59 794 105 837; x_wconf 91' lang='lat' dir='ltr'><strong>ne</strong></span> <span class='ocrx_word' id='word_1_32' title='bbox 128 794 170 837; x_wconf 90' lang='lat' dir='ltr'><strong>ue</strong></span> <span class='ocrx_word' id='word_1_33' title='bbox 185 780 242 837; x_wconf 90' lang='lat' dir='ltr'><strong>aut</strong></span> <span class='ocrx_word' id='word_1_34' title='bbox 259 774 432 857; x_wconf 91' lang='lat' dir='ltr'><strong>imperium</strong></span> <span class='ocrx_word' id='word_1_35' title='bbox 447 794 464 837; x_wconf 94' lang='lat' dir='ltr'><strong>e</strong></span> <span class='ocrx_word' id='word_1_36' title='bbox 513 772 590 835; x_wconf 92' lang='lat' dir='ltr'><strong>eriri</strong></span> <span class='ocrx_word' id='word_1_37' title='bbox 606 780 663 836; x_wconf 89' lang='lat' dir='ltr'><strong>aut</strong></span> <span class='ocrx_word' id='word_1_38' title='bbox 682 772 865 836; x_wconf 88' lang='lat' dir='ltr'><strong>libertatem</strong></span> <span class='ocrx_word' id='word_1_39' title='bbox 879 773 964 834; x_wconf 89' lang='lat' dir='ltr'><strong>tueri</strong></span> <span class='ocrx_word' id='word_1_40' title='bbox 976 792 1068 834; x_wconf 89' lang='lat' dir='ltr'><strong>suam</strong></span> 
     </span>
     <span class='ocr_line' id='line_1_8' title="bbox 58 794 1067 953; baseline -0.002 -34"><span class='ocrx_word' id='word_1_41' title='bbox 58 794 205 943; x_wconf 73' lang='lat' dir='ltr'><strong>publice.</strong></span> <span class='ocrx_word' id='word_1_42' title='bbox 234 855 378 942; x_wconf 91' lang='lat' dir='ltr'><strong>alioquin</strong></span> <span class='ocrx_word' id='word_1_43' title='bbox 391 857 491 919; x_wconf 90' lang='lat' dir='ltr'><strong>itaun</strong></span> <span class='ocrx_word' id='word_1_44' title='bbox 517 856 590 953; x_wconf 85' lang='lat' dir='ltr'><strong>‘que</strong></span> <span class='ocrx_word' id='word_1_45' title='bbox 606 857 690 918; x_wconf 88' lang='lat' dir='ltr'><strong>mari</strong></span> <span class='ocrx_word' id='word_1_46' title='bbox 701 855 934 939; x_wconf 80' lang='lat' dir='ltr'><strong>Pyrenaeoque</strong></span> <span class='ocrx_word' id='word_1_47' title='bbox 946 853 1067 918; x_wconf 84' lang='lat' dir='ltr'><strong>vallata</strong></span> 
     </span>
     <span class='ocr_line' id='line_1_9' title="bbox 60 937 1094 1023; baseline -0.004 -20"><span class='ocrx_word' id='word_1_48' title='bbox 60 945 129 1019; x_wconf 88' lang='lat' dir='ltr'><strong>est,</strong></span> <span class='ocrx_word' id='word_1_49' title='bbox 144 946 182 1001; x_wconf 91' lang='lat' dir='ltr'><strong>ut</strong></span> <span class='ocrx_word' id='word_1_50' title='bbox 196 938 329 1023; x_wconf 87' lang='lat' dir='ltr'><strong>ingenio</strong></span> <span class='ocrx_word' id='word_1_51' title='bbox 348 939 429 1002; x_wconf 92' lang='lat' dir='ltr'><strong>situs</strong></span> <span class='ocrx_word' id='word_1_52' title='bbox 445 959 487 1001; x_wconf 88' lang='lat' dir='ltr'><strong>ns</strong></span> <span class='ocrx_word' id='word_1_53' title='bbox 498 937 583 1000; x_wconf 82' lang='lat' dir='ltr'><strong>adni</strong></span> <span class='ocrx_word' id='word_1_54' title='bbox 596 938 727 1021; x_wconf 91' lang='lat' dir='ltr'><strong>quidem</strong></span> <span class='ocrx_word' id='word_1_55' title='bbox 736 938 887 1022; x_wconf 86' lang='lat' dir='ltr'><strong>potuerit.</strong></span> <span class='ocrx_word' id='word_1_56' title='bbox 917 937 976 1001; x_wconf 89' lang='lat' dir='ltr'><strong>sed</strong></span> <span class='ocrx_word' id='word_1_57' title='bbox 992 945 1094 1000; x_wconf 73' lang='lat' dir='ltr'><strong>anteo</strong></span> 
     </span>
     <span class='ocr_line' id='line_1_10' title="bbox 60 1019 1069 1106; baseline -0.001 -23"><span class='ocrx_word' id='word_1_58' title='bbox 60 1020 250 1085; x_wconf 87' lang='lat' dir='ltr'><strong>aRomanis</strong></span> <span class='ocrx_word' id='word_1_59' title='bbox 265 1020 400 1085; x_wconf 89' lang='lat' dir='ltr'><strong>obsessa</strong></span> <span class='ocrx_word' id='word_1_60' title='bbox 411 1029 461 1085; x_wconf 90' lang='lat' dir='ltr'><strong>est</strong></span> <span class='ocrx_word' id='word_1_61' title='bbox 472 1042 569 1106; x_wconf 91' lang='lat' dir='ltr'><strong>quam</strong></span> <span class='ocrx_word' id='word_1_62' title='bbox 581 1041 615 1083; x_wconf 91' lang='lat' dir='ltr'><strong>se</strong></span> <span class='ocrx_word' id='word_1_63' title='bbox 626 1021 699 1106; x_wconf 90' lang='lat' dir='ltr'><strong>ipsa</strong></span> <span class='ocrx_word' id='word_1_64' title='bbox 709 1027 936 1104; x_wconf 87' lang='lat' dir='ltr'><strong>cognosceret,</strong></span> <span class='ocrx_word' id='word_1_65' title='bbox 955 1027 987 1084; x_wconf 92' lang='lat' dir='ltr'><strong>et</strong></span> <span class='ocrx_word' id='word_1_66' title='bbox 999 1019 1069 1085; x_wconf 89' lang='lat' dir='ltr'><strong>sola</strong></span> 
     </span>
     <span class='ocr_line' id='line_1_11' title="bbox 25 1103 1066 1189; baseline -0.001 -22"><span class='ocrx_word' id='word_1_67' title='bbox 25 1124 55 1167; x_wconf 85' lang='lat' dir='ltr'><strong>ro</strong></span> <span class='ocrx_word' id='word_1_68' title='bbox 63 1103 209 1169; x_wconf 92' lang='lat' dir='ltr'><strong>omnium</strong></span> <span class='ocrx_word' id='word_1_69' title='bbox 221 1104 463 1187; x_wconf 89' lang='lat' dir='ltr'><strong>provinciarum</strong></span> <span class='ocrx_word' id='word_1_70' title='bbox 478 1103 566 1167; x_wconf 81' lang='lat' dir='ltr'><strong>vires</strong></span> <span class='ocrx_word' id='word_1_71' title='bbox 585 1124 659 1167; x_wconf 88' lang='lat' dir='ltr'><strong>suas</strong></span> <span class='ocrx_word' id='word_1_72' title='bbox 675 1112 846 1189; x_wconf 80' lang='lat' dir='ltr'><strong>postquam</strong></span> <span class='ocrx_word' id='word_1_73' title='bbox 862 1103 949 1166; x_wconf 87' lang='lat' dir='ltr'><strong>victa</strong></span> <span class='ocrx_word' id='word_1_74' title='bbox 959 1111 1008 1166; x_wconf 90' lang='lat' dir='ltr'><strong>est</strong></span> <span class='ocrx_word' id='word_1_75' title='bbox 1019 1105 1066 1166; x_wconf 91' lang='lat' dir='ltr'><strong>in-</strong></span> 
     </span>
     <span class='ocr_line' id='line_1_12' title="bbox 59 1184 1093 1271; baseline 0.004 -22"><span class='ocrx_word' id='word_1_76' title='bbox 59 1184 200 1249; x_wconf 88' lang='lat' dir='ltr'><strong>tellexit.</strong></span> <span class='ocrx_word' id='word_1_77' title='bbox 237 1186 272 1248; x_wconf 91' lang='lat' dir='ltr'><strong>in</strong></span> <span class='ocrx_word' id='word_1_78' title='bbox 293 1184 355 1248; x_wconf 89' lang='lat' dir='ltr'><strong>hac</strong></span> <span class='ocrx_word' id='word_1_79' title='bbox 373 1205 474 1271; x_wconf 88' lang='lat' dir='ltr'><strong>prope</strong></span> <span class='ocrx_word' id='word_1_80' title='bbox 495 1184 649 1249; x_wconf 88' lang='lat' dir='ltr'><strong>ducentos</strong></span> <span class='ocrx_word' id='word_1_81' title='bbox 676 1207 736 1271; x_wconf 92' lang='lat' dir='ltr'><strong>per</strong></span> <span class='ocrx_word' id='word_1_82' title='bbox 746 1206 858 1269; x_wconf 36' lang='lat' dir='ltr'><strong>,annos</strong></span> <span class='ocrx_word' id='word_1_83' title='bbox 882 1185 1093 1255; x_wconf 78' lang='lat' dir='ltr'><strong>dimicatumo</strong></span> 
     </span>
     <span class='ocr_line' id='line_1_13' title="bbox 60 1265 1068 1353; baseline 0.002 -21"><span class='ocrx_word' id='word_1_84' title='bbox 60 1276 113 1333; x_wconf 90' lang='lat' dir='ltr'><strong>est</strong></span> <span class='ocrx_word' id='word_1_85' title='bbox 122 1287 143 1330; x_wconf 89' lang='lat' dir='ltr'><strong>a</strong></span> <span class='ocrx_word' id='word_1_86' title='bbox 151 1268 265 1353; x_wconf 84' lang='lat' dir='ltr'><strong>primia</strong></span> <span class='ocrx_word' id='word_1_87' title='bbox 278 1265 483 1353; x_wconf 83' lang='lat' dir='ltr'><strong>Scipionibus</strong></span> <span class='ocrx_word' id='word_1_88' title='bbox 494 1267 529 1331; x_wconf 92' lang='lat' dir='ltr'><strong>in</strong></span> <span class='ocrx_word' id='word_1_89' title='bbox 539 1269 679 1352; x_wconf 89' lang='lat' dir='ltr'><strong>primum</strong></span> <span class='ocrx_word' id='word_1_90' title='bbox 691 1267 865 1333; x_wconf 86' lang='lat' dir='ltr'><strong>Caesarem</strong></span> <span class='ocrx_word' id='word_1_91' title='bbox 875 1269 1068 1353; x_wconf 87' lang='lat' dir='ltr'><strong>Augustum,</strong></span> 
     </span>
     <span class='ocr_line' id='line_1_14' title="bbox 58 1350 1068 1431; baseline 0 -16"><span class='ocrx_word' id='word_1_92' title='bbox 58 1372 129 1415; x_wconf 90' lang='lat' dir='ltr'><strong>non</strong></span> <span class='ocrx_word' id='word_1_93' title='bbox 145 1350 297 1416; x_wconf 91' lang='lat' dir='ltr'><strong>continuo</strong></span> <span class='ocrx_word' id='word_1_94' title='bbox 318 1372 379 1415; x_wconf 89' lang='lat' dir='ltr'><strong>nec</strong></span> <span class='ocrx_word' id='word_1_95' title='bbox 400 1350 619 1431; x_wconf 83' lang='lat' dir='ltr'><strong>cohaerenter,</strong></span> <span class='ocrx_word' id='word_1_96' title='bbox 642 1351 701 1414; x_wconf 88' lang='lat' dir='ltr'><strong>sed</strong></span> <span class='ocrx_word' id='word_1_97' title='bbox 740 1359 812 1415; x_wconf 90' lang='lat' dir='ltr'><strong>rout</strong></span> <span class='ocrx_word' id='word_1_98' title='bbox 829 1371 946 1415; x_wconf 87' lang='lat' dir='ltr'><strong>causae</strong></span> <span class='ocrx_word' id='word_1_99' title='bbox 968 1352 1068 1415; x_wconf 82' lang='lat' dir='ltr'><strong>laces-</strong></span> 
     </span>
     <span class='ocr_line' id='line_1_15' title="bbox 60 1433 1068 1532; baseline -0.001 -33"><span class='ocrx_word' id='word_1_100' title='bbox 60 1435 194 1515; x_wconf 89' lang='lat' dir='ltr'><strong>sierant,</strong></span> <span class='ocrx_word' id='word_1_101' title='bbox 216 1455 278 1498; x_wconf 88' lang='lat' dir='ltr'><strong>nec</strong></span> <span class='ocrx_word' id='word_1_102' title='bbox 292 1455 365 1498; x_wconf 87' lang='lat' dir='ltr'><strong>cum</strong></span> <span class='ocrx_word' id='word_1_103' title='bbox 374 1433 530 1532; x_wconf 89' lang='lat' dir='ltr'><strong>Hispanis</strong></span> <span class='ocrx_word' id='word_1_104' title='bbox 542 1434 644 1515; x_wconf 90' lang='lat' dir='ltr'><strong>initio,</strong></span> <span class='ocrx_word' id='word_1_105' title='bbox 666 1455 701 1498; x_wconf 91' lang='lat' dir='ltr'><strong>se</strong></span> <span class='ocrx_word' id='word_1_106' title='bbox 745 1455 818 1499; x_wconf 91' lang='lat' dir='ltr'><strong>cum</strong></span> <span class='ocrx_word' id='word_1_107' title='bbox 828 1433 947 1499; x_wconf 83' lang='lat' dir='ltr'><strong>Poenis</strong></span> <span class='ocrx_word' id='word_1_108' title='bbox 965 1436 1000 1498; x_wconf 92' lang='lat' dir='ltr'><strong>in</strong></span> <span class='ocrx_word' id='word_1_109' title='bbox 1010 1434 1068 1498; x_wconf 94' lang='lat' dir='ltr'><strong>Hi-</strong></span> 
     </span>
     <span class='ocr_line' id='line_1_16' title="bbox 21 1516 1067 1603; baseline -0.003 -22"><span class='ocrx_word' id='word_1_110' title='bbox 21 1540 52 1581; x_wconf 77' lang='lat' dir='ltr'><strong>rs</strong></span> <span class='ocrx_word' id='word_1_111' title='bbox 62 1517 189 1603; x_wconf 88' lang='lat' dir='ltr'><strong>spania.</strong></span> <span class='ocrx_word' id='word_1_112' title='bbox 216 1516 294 1581; x_wconf 89' lang='lat' dir='ltr'><strong>inde</strong></span> <span class='ocrx_word' id='word_1_113' title='bbox 315 1525 500 1602; x_wconf 81' lang='lat' dir='ltr'><strong>contagium</strong></span> <span class='ocrx_word' id='word_1_114' title='bbox 520 1538 559 1581; x_wconf 89' lang='lat' dir='ltr'><strong>ac</strong></span> <span class='ocrx_word' id='word_1_115' title='bbox 579 1519 679 1582; x_wconf 90' lang='lat' dir='ltr'><strong>series</strong></span> <span class='ocrx_word' id='word_1_116' title='bbox 702 1519 817 1581; x_wconf 82' lang='lat' dir='ltr'><strong>causae</strong></span> <span class='ocrx_word' id='word_1_117' title='bbox 839 1539 881 1583; x_wconf 90' lang='lat' dir='ltr'><strong>ue</strong></span> <span class='ocrx_word' id='word_1_118' title='bbox 898 1516 1067 1582; x_wconf 89' lang='lat' dir='ltr'><strong>bellorum.</strong></span> 
     </span>
     <span class='ocr_line' id='line_1_17' title="bbox 149 1599 1091 1686; baseline 0 -23"><span class='ocrx_word' id='word_1_119' title='bbox 149 1599 260 1665; x_wconf 89' lang='lat' dir='ltr'><strong>Prima</strong></span> <span class='ocrx_word' id='word_1_120' title='bbox 280 1622 340 1686; x_wconf 90' lang='lat' dir='ltr'><strong>per</strong></span> <span class='ocrx_word' id='word_1_121' title='bbox 361 1600 565 1686; x_wconf 83' lang='lat' dir='ltr'><strong>Pyrenaeum</strong></span> <span class='ocrx_word' id='word_1_122' title='bbox 592 1602 705 1685; x_wconf 87' lang='lat' dir='ltr'><strong>iugum</strong></span> <span class='ocrx_word' id='word_1_123' title='bbox 725 1602 819 1685; x_wconf 89' lang='lat' dir='ltr'><strong>signa</strong></span> <span class='ocrx_word' id='word_1_124' title='bbox 870 1622 985 1666; x_wconf 83' lang='lat' dir='ltr'><strong>ornans</strong></span> <span class='ocrx_word' id='word_1_125' title='bbox 1004 1600 1091 1670; x_wconf 76' lang='lat' dir='ltr'><strong>Pus</strong></span> 
     </span>
    </p>

    <p class='ocr_par' dir='ltr' id='par_1_3' title="bbox 19 1681 1112 3514">
     <span class='ocr_line' id='line_1_18' title="bbox 61 1681 1069 1770; baseline -0.002 -21"><span class='ocrx_word' id='word_1_126' title='bbox 61 1682 154 1749; x_wconf 87' lang='lat' dir='ltr'><strong>blius</strong></span> <span class='ocrx_word' id='word_1_127' title='bbox 176 1691 208 1747; x_wconf 90' lang='lat' dir='ltr'><strong>et</strong></span> <span class='ocrx_word' id='word_1_128' title='bbox 226 1682 337 1748; x_wconf 83' lang='lat' dir='ltr'><strong>Gneus</strong></span> <span class='ocrx_word' id='word_1_129' title='bbox 356 1681 523 1769; x_wconf 82' lang='lat' dir='ltr'><strong>Scipiones</strong></span> <span class='ocrx_word' id='word_1_130' title='bbox 545 1684 722 1748; x_wconf 90' lang='lat' dir='ltr'><strong>intulerunt</strong></span> <span class='ocrx_word' id='word_1_131' title='bbox 743 1683 940 1770; x_wconf 91' lang='lat' dir='ltr'><strong>proeliisque</strong></span> <span class='ocrx_word' id='word_1_132' title='bbox 957 1687 1069 1769; x_wconf 88' lang='lat' dir='ltr'><strong>ingen-</strong></span> 
     </span>
     <span class='ocr_line' id='line_1_19' title="bbox 46 1764 1069 1833; baseline -0.001 -2"><span class='ocrx_word' id='word_1_133' title='bbox 46 1765 156 1831; x_wconf 90' lang='lat' dir='ltr'><strong>·tibus</strong></span> <span class='ocrx_word' id='word_1_134' title='bbox 175 1764 350 1833; x_wconf 88' lang='lat' dir='ltr'><strong>Annonem</strong></span> <span class='ocrx_word' id='word_1_135' title='bbox 371 1774 403 1830; x_wconf 92' lang='lat' dir='ltr'><strong>et</strong></span> <span class='ocrx_word' id='word_1_136' title='bbox 423 1765 663 1832; x_wconf 90' lang='lat' dir='ltr'><strong>Hasdrubalem</strong></span> <span class='ocrx_word' id='word_1_137' title='bbox 684 1768 803 1832; x_wconf 85' lang='lat' dir='ltr'><strong>iratres</strong></span> <span class='ocrx_word' id='word_1_138' title='bbox 824 1767 997 1832; x_wconf 89' lang='lat' dir='ltr'><strong>Annibalis</strong></span> <span class='ocrx_word' id='word_1_139' title='bbox 1020 1788 1069 1830; x_wconf 91' lang='lat' dir='ltr'><strong>ce·</strong></span> 
     </span>
     <span class='ocr_line' id='line_1_20' title="bbox 65 1849 1070 1936; baseline -0.003 -21"><span class='ocrx_word' id='word_1_140' title='bbox 65 1849 233 1932; x_wconf 80' lang='lat' dir='ltr'><strong>cidenmt3</strong></span> <span class='ocrx_word' id='word_1_141' title='bbox 249 1858 405 1936; x_wconf 84' lang='lat' dir='ltr'><strong>raptaque</strong></span> <span class='ocrx_word' id='word_1_142' title='bbox 418 1859 488 1914; x_wconf 83' lang='lat' dir='ltr'><strong>erat</strong></span> <span class='ocrx_word' id='word_1_143' title='bbox 503 1852 624 1936; x_wconf 90' lang='lat' dir='ltr'><strong>impetu</strong></span> <span class='ocrx_word' id='word_1_144' title='bbox 634 1849 696 1915; x_wconf 93' lang='lat' dir='ltr'><strong>His</strong></span> <span class='ocrx_word' id='word_1_145' title='bbox 719 1852 803 1932; x_wconf 92' lang='lat' dir='ltr'><strong>ania,</strong></span> <span class='ocrx_word' id='word_1_146' title='bbox 820 1852 886 1914; x_wconf 91' lang='lat' dir='ltr'><strong>nisi</strong></span> <span class='ocrx_word' id='word_1_147' title='bbox 900 1850 1070 1915; x_wconf 85' lang='lat' dir='ltr'><strong>fortissimi</strong></span> 
     </span>
     <span class='ocr_line' id='line_1_21' title="bbox 19 1933 1068 2019; baseline -0.004 -20"><span class='ocrx_word' id='word_1_148' title='bbox 19 1956 51 1999; x_wconf 74' lang='lat' dir='ltr'><strong>uo</strong></span> <span class='ocrx_word' id='word_1_149' title='bbox 64 1933 133 1997; x_wconf 89' lang='lat' dir='ltr'><strong>viri</strong></span> <span class='ocrx_word' id='word_1_150' title='bbox 153 1933 190 1997; x_wconf 93' lang='lat' dir='ltr'><strong>in</strong></span> <span class='ocrx_word' id='word_1_151' title='bbox 209 1934 281 2019; x_wconf 93' lang='lat' dir='ltr'><strong>ipsa</strong></span> <span class='ocrx_word' id='word_1_152' title='bbox 301 1934 438 1999; x_wconf 88' lang='lat' dir='ltr'><strong>victoria</strong></span> <span class='ocrx_word' id='word_1_153' title='bbox 460 1955 519 1998; x_wconf 90' lang='lat' dir='ltr'><strong>sua</strong></span> <span class='ocrx_word' id='word_1_154' title='bbox 540 1936 685 2019; x_wconf 88' lang='lat' dir='ltr'><strong>oppressi</strong></span> <span class='ocrx_word' id='word_1_155' title='bbox 733 1935 829 1998; x_wconf 90' lang='lat' dir='ltr'><strong>unica</strong></span> <span class='ocrx_word' id='word_1_156' title='bbox 851 1933 966 1999; x_wconf 83' lang='lat' dir='ltr'><strong>fraude</strong></span> <span class='ocrx_word' id='word_1_157' title='bbox 988 1934 1068 1998; x_wconf 88' lang='lat' dir='ltr'><strong>ceci-</strong></span> 
     </span>
     <span class='ocr_line' id='line_1_22' title="bbox 63 2016 1093 2116; baseline 0.004 -35"><span class='ocrx_word' id='word_1_158' title='bbox 63 2016 200 2097; x_wconf 84' lang='lat' dir='ltr'><strong>dissent,</strong></span> <span class='ocrx_word' id='word_1_159' title='bbox 217 2023 307 2080; x_wconf 89' lang='lat' dir='ltr'><strong>terra</strong></span> <span class='ocrx_word' id='word_1_160' title='bbox 323 2017 468 2116; x_wconf 90' lang='lat' dir='ltr'><strong>marique</strong></span> <span class='ocrx_word' id='word_1_161' title='bbox 486 2018 637 2081; x_wconf 90' lang='lat' dir='ltr'><strong>victores.</strong></span> <span class='ocrx_word' id='word_1_162' title='bbox 659 2018 759 2101; x_wconf 89' lang='lat' dir='ltr'><strong>igitur</strong></span> <span class='ocrx_word' id='word_1_163' title='bbox 776 2018 869 2103; x_wconf 87' lang='lat' dir='ltr'><strong>quasi</strong></span> <span class='ocrx_word' id='word_1_164' title='bbox 886 2037 1005 2080; x_wconf 80' lang='lat' dir='ltr'><strong>novam</strong></span> <span class='ocrx_word' id='word_1_165' title='bbox 1019 2016 1093 2085; x_wconf 84' lang='lat' dir='ltr'><strong>in·7</strong></span> 
     </span>
     <span class='ocr_line' id='line_1_23' title="bbox 60 2097 1067 2245; baseline -0.002 -83"><span class='ocrx_word' id='word_1_166' title='bbox 60 2108 255 2245; x_wconf 74' lang='lat' dir='ltr'><strong>aegramque</strong></span> <span class='ocrx_word' id='word_1_167' title='bbox 273 2102 474 2184; x_wconf 85' lang='lat' dir='ltr'><strong>provinoram</strong></span> <span class='ocrx_word' id='word_1_168' title='bbox 489 2099 575 2164; x_wconf 91' lang='lat' dir='ltr'><strong>ultor</strong></span> <span class='ocrx_word' id='word_1_169' title='bbox 590 2101 691 2185; x_wconf 88' lang='lat' dir='ltr'><strong>patris</strong></span> <span class='ocrx_word' id='word_1_170' title='bbox 713 2109 745 2164; x_wconf 89' lang='lat' dir='ltr'><strong>et</strong></span> <span class='ocrx_word' id='word_1_171' title='bbox 759 2101 867 2186; x_wconf 89' lang='lat' dir='ltr'><strong>patrui</strong></span> <span class='ocrx_word' id='word_1_172' title='bbox 886 2097 940 2162; x_wconf 88' lang='lat' dir='ltr'><strong>Sei</strong></span> <span class='ocrx_word' id='word_1_173' title='bbox 963 2101 994 2164; x_wconf 93' lang='lat' dir='ltr'><strong>io</strong></span> <span class='ocrx_word' id='word_1_174' title='bbox 1012 2099 1067 2163; x_wconf 91' lang='lat' dir='ltr'><strong>ille</strong></span> 
     </span>
     <span class='ocr_line' id='line_1_24' title="bbox 61 2181 1067 2268; baseline -0.001 -23"><span class='ocrx_word' id='word_1_175' title='bbox 61 2203 143 2247; x_wconf 85' lang='lat' dir='ltr'><strong>mox</strong></span> <span class='ocrx_word' id='word_1_176' title='bbox 163 2182 195 2245; x_wconf 90' lang='lat' dir='ltr'>A</span> <span class='ocrx_word' id='word_1_177' title='bbox 210 2183 340 2246; x_wconf 88' lang='lat' dir='ltr'><strong>ricanus</strong></span> <span class='ocrx_word' id='word_1_178' title='bbox 359 2185 488 2265; x_wconf 87' lang='lat' dir='ltr'><strong>invasit,</strong></span> <span class='ocrx_word' id='word_1_179' title='bbox 510 2185 602 2268; x_wconf 90' lang='lat' dir='ltr'><strong>isque</strong></span> <span class='ocrx_word' id='word_1_180' title='bbox 625 2184 733 2246; x_wconf 89' lang='lat' dir='ltr'><strong>statim</strong></span> <span class='ocrx_word' id='word_1_181' title='bbox 755 2191 849 2267; x_wconf 86' lang='lat' dir='ltr'><strong>capta</strong></span> <span class='ocrx_word' id='word_1_182' title='bbox 871 2181 919 2246; x_wconf 92' lang='lat' dir='ltr'><strong>Ca</strong></span> <span class='ocrx_word' id='word_1_183' title='bbox 972 2183 1067 2266; x_wconf 89' lang='lat' dir='ltr'><strong>agine</strong></span> 
     </span>
     <span class='ocr_line' id='line_1_25' title="bbox 62 2264 1067 2351; baseline -0.002 -22"><span class='ocrx_word' id='word_1_184' title='bbox 62 2273 97 2329; x_wconf 91' lang='lat' dir='ltr'><strong>et</strong></span> <span class='ocrx_word' id='word_1_185' title='bbox 117 2265 192 2329; x_wconf 91' lang='lat' dir='ltr'><strong>aliis</strong></span> <span class='ocrx_word' id='word_1_186' title='bbox 212 2264 362 2348; x_wconf 86' lang='lat' dir='ltr'><strong>urbibus,</strong></span> <span class='ocrx_word' id='word_1_187' title='bbox 385 2288 450 2331; x_wconf 93' lang='lat' dir='ltr'><strong>non</strong></span> <span class='ocrx_word' id='word_1_188' title='bbox 474 2274 643 2332; x_wconf 88' lang='lat' dir='ltr'><strong>contentus</strong></span> <span class='ocrx_word' id='word_1_189' title='bbox 664 2265 791 2330; x_wconf 89' lang='lat' dir='ltr'><strong>Poenos</strong></span> <span class='ocrx_word' id='word_1_190' title='bbox 815 2265 992 2351; x_wconf 85' lang='lat' dir='ltr'><strong>expulisse,</strong></span> <span class='ocrx_word' id='word_1_191' title='bbox 1013 2266 1067 2328; x_wconf 88' lang='lat' dir='ltr'><strong>sti·</strong></span> 
     </span>
     <span class='ocr_line' id='line_1_26' title="bbox 21 2347 1067 2436; baseline -0.003 -23"><span class='ocrx_word' id='word_1_192' title='bbox 21 2347 268 2435; x_wconf 60' lang='lat' dir='ltr'><strong>„portianam</strong></span> <span class='ocrx_word' id='word_1_193' title='bbox 284 2348 378 2414; x_wconf 92' lang='lat' dir='ltr'><strong>nobis</strong></span> <span class='ocrx_word' id='word_1_194' title='bbox 395 2351 597 2436; x_wconf 86' lang='lat' dir='ltr'><strong>provinciam</strong></span> <span class='ocrx_word' id='word_1_195' title='bbox 617 2348 710 2430; x_wconf 86' lang='lat' dir='ltr'><strong>fecit,</strong></span> <span class='ocrx_word' id='word_1_196' title='bbox 733 2370 843 2413; x_wconf 91' lang='lat' dir='ltr'><strong>omnes</strong></span> <span class='ocrx_word' id='word_1_197' title='bbox 866 2349 947 2412; x_wconf 89' lang='lat' dir='ltr'><strong>citra</strong></span> <span class='ocrx_word' id='word_1_198' title='bbox 968 2348 1067 2412; x_wconf 86' lang='lat' dir='ltr'><strong>ultra-</strong></span> 
     </span>
     <span class='ocr_line' id='line_1_27' title="bbox 84 2431 1068 2518; baseline -0.001 -23"><span class='ocrx_word' id='word_1_199' title='bbox 84 2452 127 2496; x_wconf 90' lang='lat' dir='ltr'><strong>ue</strong></span> <span class='ocrx_word' id='word_1_200' title='bbox 142 2431 303 2496; x_wconf 91' lang='lat' dir='ltr'><strong>Hiberum</strong></span> <span class='ocrx_word' id='word_1_201' title='bbox 324 2432 461 2499; x_wconf 89' lang='lat' dir='ltr'><strong>subiecit</strong></span> <span class='ocrx_word' id='word_1_202' title='bbox 481 2433 625 2518; x_wconf 91' lang='lat' dir='ltr'><strong>imperio,</strong></span> <span class='ocrx_word' id='word_1_203' title='bbox 645 2432 831 2518; x_wconf 89' lang='lat' dir='ltr'><strong>primusque</strong></span> <span class='ocrx_word' id='word_1_204' title='bbox 848 2431 1068 2497; x_wconf 88' lang='lat' dir='ltr'><strong>Romanorum</strong></span> 
     </span>
     <span class='ocr_line' id='line_1_28' title="bbox 60 2454 1066 2601; baseline -0.002 -22"><span class='ocrx_word' id='word_1_205' title='bbox 60 2454 182 2579; x_wconf 81' lang='lat' dir='ltr'><strong>ducum</strong></span> <span class='ocrx_word' id='word_1_206' title='bbox 200 2516 306 2580; x_wconf 80' lang='lat' dir='ltr'><strong>victor</strong></span> <span class='ocrx_word' id='word_1_207' title='bbox 333 2516 376 2580; x_wconf 92' lang='lat' dir='ltr'><strong>ad</strong></span> <span class='ocrx_word' id='word_1_208' title='bbox 397 2515 507 2581; x_wconf 82' lang='lat' dir='ltr'><strong>Gades</strong></span> <span class='ocrx_word' id='word_1_209' title='bbox 528 2524 561 2579; x_wconf 86' lang='lat' dir='ltr'><strong>et</strong></span> <span class='ocrx_word' id='word_1_210' title='bbox 581 2515 704 2580; x_wconf 86' lang='lat' dir='ltr'><strong>Oceani</strong></span> <span class='ocrx_word' id='word_1_211' title='bbox 725 2537 782 2580; x_wconf 88' lang='lat' dir='ltr'><strong>ora</strong></span> <span class='ocrx_word' id='word_1_212' title='bbox 802 2517 960 2601; x_wconf 85' lang='lat' dir='ltr'><strong>pervenit.</strong></span> <span class='ocrx_word' id='word_1_213' title='bbox 992 2514 1066 2600; x_wconf 92' lang='lat' dir='ltr'><strong>plus</strong></span> 
     </span>
     <span class='ocr_line' id='line_1_29' title="bbox 60 2598 1095 2684; baseline -0.001 -23"><span class='ocrx_word' id='word_1_214' title='bbox 60 2606 114 2661; x_wconf 89' lang='lat' dir='ltr'><strong>est</strong></span> <span class='ocrx_word' id='word_1_215' title='bbox 152 2599 331 2663; x_wconf 83' lang='lat' dir='ltr'><strong>rovinciam</strong></span> <span class='ocrx_word' id='word_1_216' title='bbox 346 2600 486 2663; x_wconf 91' lang='lat' dir='ltr'><strong>retinere</strong></span> <span class='ocrx_word' id='word_1_217' title='bbox 504 2619 600 2684; x_wconf 87' lang='lat' dir='ltr'><strong>quam</strong></span> <span class='ocrx_word' id='word_1_218' title='bbox 616 2598 735 2662; x_wconf 85' lang='lat' dir='ltr'><strong>iacere.</strong></span> <span class='ocrx_word' id='word_1_219' title='bbox 756 2600 866 2684; x_wconf 88' lang='lat' dir='ltr'><strong>itaque</strong></span> <span class='ocrx_word' id='word_1_220' title='bbox 883 2620 942 2684; x_wconf 93' lang='lat' dir='ltr'><strong>per</strong></span> <span class='ocrx_word' id='word_1_221' title='bbox 958 2607 1095 2684; x_wconf 73' lang='lat' dir='ltr'><strong>partesg</strong></span> 
     </span>
     <span class='ocr_line' id='line_1_30' title="bbox 59 2681 1068 2768; baseline -0.001 -23"><span class='ocrx_word' id='word_1_222' title='bbox 59 2681 129 2745; x_wconf 86' lang='lat' dir='ltr'><strong>iam</strong></span> <span class='ocrx_word' id='word_1_223' title='bbox 166 2702 216 2764; x_wconf 90' lang='lat' dir='ltr'><strong>uc,</strong></span> <span class='ocrx_word' id='word_1_224' title='bbox 239 2682 305 2745; x_wconf 90' lang='lat' dir='ltr'><strong>iam</strong></span> <span class='ocrx_word' id='word_1_225' title='bbox 320 2681 399 2747; x_wconf 88' lang='lat' dir='ltr'><strong>illuc</strong></span> <span class='ocrx_word' id='word_1_226' title='bbox 420 2683 513 2746; x_wconf 88' lang='lat' dir='ltr'><strong>missi</strong></span> <span class='ocrx_word' id='word_1_227' title='bbox 534 2683 642 2764; x_wconf 87' lang='lat' dir='ltr'><strong>duces,</strong></span> <span class='ocrx_word' id='word_1_228' title='bbox 665 2683 720 2768; x_wconf 91' lang='lat' dir='ltr'><strong>qui</strong></span> <span class='ocrx_word' id='word_1_229' title='bbox 740 2682 959 2746; x_wconf 84' lang='lat' dir='ltr'><strong>ferocissimas</strong></span> <span class='ocrx_word' id='word_1_230' title='bbox 982 2690 1015 2745; x_wconf 88' lang='lat' dir='ltr'><strong>et</strong></span> <span class='ocrx_word' id='word_1_231' title='bbox 1033 2682 1068 2743; x_wconf 92' lang='lat' dir='ltr'><strong>in</strong></span> 
     </span>
     <span class='ocr_line' id='line_1_31' title="bbox 22 2762 1068 2851; baseline 0.001 -25"><span class='ocrx_word' id='word_1_232' title='bbox 22 2762 99 2837; x_wconf 63' lang='lat' dir='ltr'><strong>„id</strong></span> <span class='ocrx_word' id='word_1_233' title='bbox 114 2772 241 2850; x_wconf 86' lang='lat' dir='ltr'><strong>tempus</strong></span> <span class='ocrx_word' id='word_1_234' title='bbox 258 2764 378 2832; x_wconf 90' lang='lat' dir='ltr'><strong>liberas</strong></span> <span class='ocrx_word' id='word_1_235' title='bbox 396 2775 510 2850; x_wconf 85' lang='lat' dir='ltr'><strong>gentes</strong></span> <span class='ocrx_word' id='word_1_236' title='bbox 526 2766 664 2851; x_wconf 91' lang='lat' dir='ltr'><strong>ideoque</strong></span> <span class='ocrx_word' id='word_1_237' title='bbox 682 2766 875 2851; x_wconf 85' lang='lat' dir='ltr'><strong>inpatientes</strong></span> <span class='ocrx_word' id='word_1_238' title='bbox 887 2766 956 2849; x_wconf 91' lang='lat' dir='ltr'><strong>iugi</strong></span> <span class='ocrx_word' id='word_1_239' title='bbox 966 2764 1068 2829; x_wconf 90' lang='lat' dir='ltr'><strong>multo</strong></span> 
     </span>
     <span class='ocr_line' id='line_1_32' title="bbox 60 2845 1067 2913; baseline 0 -3"><span class='ocrx_word' id='word_1_240' title='bbox 60 2845 175 2911; x_wconf 88' lang='lat' dir='ltr'><strong>labore</strong></span> <span class='ocrx_word' id='word_1_241' title='bbox 196 2868 258 2912; x_wconf 92' lang='lat' dir='ltr'><strong>uec</strong></span> <span class='ocrx_word' id='word_1_242' title='bbox 279 2849 455 2913; x_wconf 91' lang='lat' dir='ltr'><strong>incruentis</strong></span> <span class='ocrx_word' id='word_1_243' title='bbox 478 2848 708 2913; x_wconf 88' lang='lat' dir='ltr'><strong>certaminibus</strong></span> <span class='ocrx_word' id='word_1_244' title='bbox 731 2849 854 2912; x_wconf 85' lang='lat' dir='ltr'><strong>servire</strong></span> <span class='ocrx_word' id='word_1_245' title='bbox 880 2848 1067 2911; x_wconf 87' lang='lat' dir='ltr'><strong>docuerunt.</strong></span> 
     </span>
     <span class='ocr_line' id='line_1_33' title="bbox 62 2928 1095 3013; baseline 0.005 -21"><span class='ocrx_word' id='word_1_246' title='bbox 62 2928 146 2994; x_wconf 88' lang='lat' dir='ltr'><strong>Cato</strong></span> <span class='ocrx_word' id='word_1_247' title='bbox 169 2928 225 2993; x_wconf 93' lang='lat' dir='ltr'><strong>ille</strong></span> <span class='ocrx_word' id='word_1_248' title='bbox 246 2935 410 2996; x_wconf 87' lang='lat' dir='ltr'><strong>censorius</strong></span> <span class='ocrx_word' id='word_1_249' title='bbox 430 2930 620 3013; x_wconf 80' lang='lat' dir='ltr'><strong>Celtiberos,</strong></span> <span class='ocrx_word' id='word_1_250' title='bbox 645 2931 744 2995; x_wconf 91' lang='lat' dir='ltr'><strong>idest</strong></span> <span class='ocrx_word' id='word_1_251' title='bbox 767 2931 867 2995; x_wconf 89' lang='lat' dir='ltr'><strong>robur</strong></span> <span class='ocrx_word' id='word_1_252' title='bbox 877 2930 940 2995; x_wconf 90' lang='lat' dir='ltr'><strong>His</strong></span> <span class='ocrx_word' id='word_1_253' title='bbox 964 2931 1095 3011; x_wconf 83' lang='lat' dir='ltr'><strong>aniae,9</strong></span> 
     </span>
     <span class='ocr_line' id='line_1_34' title="bbox 60 2953 1067 3100; baseline 0.003 -25"><span class='ocrx_word' id='word_1_254' title='bbox 60 3012 108 3075; x_wconf 84' lang='lat' dir='ltr'><strong>eli</strong></span> <span class='ocrx_word' id='word_1_255' title='bbox 130 3013 331 3099; x_wconf 89' lang='lat' dir='ltr'><strong>uotproeliis</strong></span> <span class='ocrx_word' id='word_1_256' title='bbox 343 3014 451 3100; x_wconf 88' lang='lat' dir='ltr'><strong>fregit.</strong></span> <span class='ocrx_word' id='word_1_257' title='bbox 476 3014 653 3096; x_wconf 71' lang='lat' dir='ltr'><strong>Gracchus,</strong></span> <span class='ocrx_word' id='word_1_258' title='bbox 666 3024 759 3100; x_wconf 87' lang='lat' dir='ltr'><strong>pater</strong></span> <span class='ocrx_word' id='word_1_259' title='bbox 770 3013 826 3077; x_wconf 91' lang='lat' dir='ltr'><strong>ille</strong></span> <span class='ocrx_word' id='word_1_260' title='bbox 838 2953 1067 3095; x_wconf 74' lang='lat' dir='ltr'><strong>Graccborum,</strong></span> 
     </span>
     <span class='ocr_line' id='line_1_35' title="bbox 61 3095 1069 3195; baseline 0 -36"><span class='ocrx_word' id='word_1_261' title='bbox 61 3115 118 3159; x_wconf 91' lang='lat' dir='ltr'><strong>eos</strong></span> <span class='ocrx_word' id='word_1_262' title='bbox 143 3116 195 3158; x_wconf 90' lang='lat' dir='ltr'><strong>em</strong></span> <span class='ocrx_word' id='word_1_263' title='bbox 212 3105 341 3162; x_wconf 90' lang='lat' dir='ltr'><strong>centum</strong></span> <span class='ocrx_word' id='word_1_264' title='bbox 358 3107 390 3161; x_wconf 90' lang='lat' dir='ltr'><strong>et</strong></span> <span class='ocrx_word' id='word_1_265' title='bbox 407 3099 640 3195; x_wconf 78' lang='lat' dir='ltr'><strong>quinquaginta</strong></span> <span class='ocrx_word' id='word_1_266' title='bbox 658 3097 787 3162; x_wconf 90' lang='lat' dir='ltr'><strong>urbium</strong></span> <span class='ocrx_word' id='word_1_267' title='bbox 805 3099 972 3162; x_wconf 87' lang='lat' dir='ltr'><strong>eversione</strong></span> <span class='ocrx_word' id='word_1_268' title='bbox 989 3095 1069 3160; x_wconf 92' lang='lat' dir='ltr'><strong>mul-</strong></span> 
     </span>
     <span class='ocr_line' id='line_1_36' title="bbox 24 3178 1112 3266; baseline 0.001 -19"><span class='ocrx_word' id='word_1_269' title='bbox 24 3178 154 3247; x_wconf 81' lang='lat' dir='ltr'><strong>astavit.</strong></span> <span class='ocrx_word' id='word_1_270' title='bbox 190 3178 342 3244; x_wconf 87' lang='lat' dir='ltr'><strong>Metellus</strong></span> <span class='ocrx_word' id='word_1_271' title='bbox 365 3179 429 3261; x_wconf 91' lang='lat' dir='ltr'><strong>ille,</strong></span> <span class='ocrx_word' id='word_1_272' title='bbox 454 3203 509 3266; x_wconf 81' lang='lat' dir='ltr'><strong>qur</strong></span> <span class='ocrx_word' id='word_1_273' title='bbox 530 3203 572 3244; x_wconf 89' lang='lat' dir='ltr'><strong>ex</strong></span> <span class='ocrx_word' id='word_1_274' title='bbox 592 3180 785 3246; x_wconf 91' lang='lat' dir='ltr'><strong>Macedonia</strong></span> <span class='ocrx_word' id='word_1_275' title='bbox 807 3201 985 3264; x_wconf 86' lang='lat' dir='ltr'><strong>cognomen</strong></span> <span class='ocrx_word' id='word_1_276' title='bbox 1002 3199 1067 3242; x_wconf 91' lang='lat' dir='ltr'><strong>me·</strong></span> <span class='ocrx_word' id='word_1_277' title='bbox 1078 3196 1112 3248; x_wconf 87' lang='lat'><strong>10</strong></span> 
     </span>
     <span class='ocr_line' id='line_1_37' title="bbox 60 3261 1070 3346; baseline 0.001 -22"><span class='ocrx_word' id='word_1_278' title='bbox 60 3269 183 3343; x_wconf 86' lang='lat' dir='ltr'><strong>ruerat,</strong></span> <span class='ocrx_word' id='word_1_279' title='bbox 205 3270 239 3325; x_wconf 95' lang='lat' dir='ltr'><strong>et</strong></span> <span class='ocrx_word' id='word_1_280' title='bbox 257 3261 471 3327; x_wconf 78' lang='lat' dir='ltr'><strong>Celtibericus</strong></span> <span class='ocrx_word' id='word_1_281' title='bbox 488 3263 560 3327; x_wconf 91' lang='lat' dir='ltr'><strong>fieri</strong></span> <span class='ocrx_word' id='word_1_282' title='bbox 576 3265 705 3346; x_wconf 87' lang='lat' dir='ltr'><strong>meruit,</strong></span> <span class='ocrx_word' id='word_1_283' title='bbox 723 3285 797 3327; x_wconf 91' lang='lat' dir='ltr'><strong>oum</strong></span> <span class='ocrx_word' id='word_1_284' title='bbox 814 3271 846 3326; x_wconf 90' lang='lat' dir='ltr'><strong>et</strong></span> <span class='ocrx_word' id='word_1_285' title='bbox 862 3261 1070 3329; x_wconf 77' lang='lat' dir='ltr'><strong>Contrebiam</strong></span> 
     </span>
     <span class='ocr_line' id='line_1_38' title="bbox 59 3343 1070 3431; baseline 0.002 -24"><span class='ocrx_word' id='word_1_286' title='bbox 59 3343 269 3409; x_wconf 90' lang='lat' dir='ltr'><strong>memorabili</strong></span> <span class='ocrx_word' id='word_1_287' title='bbox 296 3346 435 3431; x_wconf 89' lang='lat' dir='ltr'><strong>cepisset</strong></span> <span class='ocrx_word' id='word_1_288' title='bbox 465 3346 613 3431; x_wconf 89' lang='lat' dir='ltr'><strong>exemplo</strong></span> <span class='ocrx_word' id='word_1_289' title='bbox 648 3355 680 3410; x_wconf 92' lang='lat' dir='ltr'><strong>et</strong></span> <span class='ocrx_word' id='word_1_290' title='bbox 704 3345 919 3430; x_wconf 85' lang='lat' dir='ltr'><strong>Nertobrigae</strong></span> <span class='ocrx_word' id='word_1_291' title='bbox 948 3346 1070 3409; x_wconf 90' lang='lat' dir='ltr'><strong>maiore</strong></span> 
     </span>
     <span class='ocr_line' id='line_1_39' title="bbox 59 3424 1111 3514; baseline 0.004 -23"><span class='ocrx_word' id='word_1_292' title='bbox 59 3424 167 3511; x_wconf 78' lang='lat' dir='ltr'><strong>gloria</strong></span> <span class='ocrx_word' id='word_1_293' title='bbox 183 3429 393 3514; x_wconf 69' lang='lat' dir='ltr'><strong>pepercisset.</strong></span> <span class='ocrx_word' id='word_1_294' title='bbox 421 3428 578 3494; x_wconf 87' lang='lat' dir='ltr'><strong>Lucullus</strong></span> <span class='ocrx_word' id='word_1_295' title='bbox 596 3427 758 3494; x_wconf 81' lang='lat' dir='ltr'><strong>Turdulos</strong></span> <span class='ocrx_word' id='word_1_296' title='bbox 783 3437 879 3513; x_wconf 87' lang='lat' dir='ltr'><strong>atque</strong></span> <span class='ocrx_word' id='word_1_297' title='bbox 895 3429 1070 3512; x_wconf 89' lang='lat' dir='ltr'><strong>Vaccaeos,</strong></span> <span class='ocrx_word' id='word_1_298' title='bbox 1081 3437 1111 3487; x_wconf 88' lang='lat'><strong>11</strong></span> 
     </span>
    </p>
   </div>
   <div class='ocr_carea' id='block_1_3' title="bbox 0 0 1142 3832">
    <p class='ocr_par' dir='ltr' id='par_1_4' title="bbox 0 0 1142 3832">
     <span class='ocr_line' id='line_1_40' title="bbox 0 0 1142 3832; baseline 0 0"><span class='ocrx_word' id='word_1_299' title='bbox 0 0 1142 3832; x_wconf 95' lang='lat' dir='ltr'><strong> </strong></span> 
     </span>
    </p>
   </div>
  </div>
 </body>
</html>
