<?xml version="1.0" encoding="UTF-8"?>
<!DOCTYPE html PUBLIC "-//W3C//DTD XHTML 1.0 Transitional//EN"
    "http://www.w3.org/TR/xhtml1/DTD/xhtml1-transitional.dtd">
<html xmlns="http://www.w3.org/1999/xhtml" xml:lang="en" lang="en">
 <head>
  <title>
</title>
<meta http-equiv="Content-Type" content="text/html;charset=utf-8" />
  <meta name='ocr-system' content='tesseract 3.04.00' />
  <meta name='ocr-capabilities' content='ocr_page ocr_carea ocr_par ocr_line ocrx_word'/>
</head>
<body>
  <div class='ocr_page' id='page_1' title='image "./eutropiibreviar01crugoog_0189.png"; bbox 0 0 2266 3832; ppageno 0'>
   <div class='ocr_carea' id='block_1_1' title="bbox 118 204 761 263">
    <p class='ocr_par' dir='ltr' id='par_1_1' title="bbox 118 204 761 263">
     <span class='ocr_line' id='line_1_1' title="bbox 118 204 761 263; baseline -0.003 0"><span class='ocrx_word' id='word_1_1' title='bbox 118 204 159 263; x_wconf 80' lang='lat'><strong>76</strong></span> <span class='ocrx_word' id='word_1_2' title='bbox 477 213 584 263; x_wconf 79' lang='lat' dir='ltr'><strong>ruem</strong></span> <span class='ocrx_word' id='word_1_3' title='bbox 594 210 761 263; x_wconf 74' lang='lat' dir='ltr'><strong>nemon.</strong></span> 
     </span>
    </p>
   </div>
   <div class='ocr_carea' id='block_1_2' title="bbox 71 362 1119 1943">
    <p class='ocr_par' dir='ltr' id='par_1_2' title="bbox 71 362 1119 1943">
     <span class='ocr_line' id='line_1_2' title="bbox 119 362 1119 450; baseline 0.005 -21"><span class='ocrx_word' id='word_1_4' title='bbox 119 387 196 430; x_wconf 90' lang='lat' dir='ltr'><strong>nam</strong></span> <span class='ocrx_word' id='word_1_5' title='bbox 215 364 343 428; x_wconf 85' lang='lat' dir='ltr'><strong>Mucius</strong></span> <span class='ocrx_word' id='word_1_6' title='bbox 359 362 516 429; x_wconf 72' lang='lat' dir='ltr'><strong>Scaevola</strong></span> <span class='ocrx_word' id='word_1_7' title='bbox 535 362 685 449; x_wconf 82' lang='lat' dir='ltr'><strong>pontifex</strong></span> <span class='ocrx_word' id='word_1_8' title='bbox 694 362 839 429; x_wconf 76' lang='lat' dir='ltr'>Vestalis</span> <span class='ocrx_word' id='word_1_9' title='bbox 860 364 1034 450; x_wconf 88' lang='lat' dir='ltr'><strong>amplexus</strong></span> <span class='ocrx_word' id='word_1_10' title='bbox 1050 389 1119 433; x_wconf 87' lang='lat' dir='ltr'><strong>aras</strong></span> 
     </span>
     <span class='ocr_line' id='line_1_3' title="bbox 80 445 1119 533; baseline 0.002 -18"><span class='ocrx_word' id='word_1_11' title='bbox 80 462 246 515; x_wconf 65' lang='lat' dir='ltr'><strong>nutantum</strong></span> <span class='ocrx_word' id='word_1_12' title='bbox 274 468 339 512; x_wconf 91' lang='lat' dir='ltr'><strong>non</strong></span> <span class='ocrx_word' id='word_1_13' title='bbox 363 447 476 512; x_wconf 90' lang='lat' dir='ltr'><strong>eodem</strong></span> <span class='ocrx_word' id='word_1_14' title='bbox 496 449 573 532; x_wconf 85' lang='lat' dir='ltr'>igne</span> <span class='ocrx_word' id='word_1_15' title='bbox 594 445 759 531; x_wconf 81' lang='lat' dir='ltr'><strong>sepelitur.</strong></span> <span class='ocrx_word' id='word_1_16' title='bbox 801 446 1006 533; x_wconf 73' lang='lat' dir='ltr'><strong>Lamponius</strong></span> <span class='ocrx_word' id='word_1_17' title='bbox 1027 471 1048 514; x_wconf 84' lang='lat' dir='ltr'><strong>a</strong></span> <span class='ocrx_word' id='word_1_18' title='bbox 1081 473 1119 517; x_wconf 92' lang='lat' dir='ltr'><strong>ue</strong></span> 
     </span>
     <span class='ocr_line' id='line_1_4' title="bbox 119 528 1118 615; baseline 0 -20"><span class='ocrx_word' id='word_1_19' title='bbox 119 532 307 612; x_wconf 80' lang='lat' dir='ltr'><strong>Telesinus,</strong></span> <span class='ocrx_word' id='word_1_20' title='bbox 334 530 514 595; x_wconf 85' lang='lat' dir='ltr'><strong>Samnitum</strong></span> <span class='ocrx_word' id='word_1_21' title='bbox 535 530 651 609; x_wconf 88' lang='lat' dir='ltr'><strong>duces,</strong></span> <span class='ocrx_word' id='word_1_22' title='bbox 678 532 821 595; x_wconf 83' lang='lat' dir='ltr'><strong>atrocius</strong></span> <span class='ocrx_word' id='word_1_23' title='bbox 840 528 973 615; x_wconf 84' lang='lat' dir='ltr'><strong>Pyrrho</strong></span> <span class='ocrx_word' id='word_1_24' title='bbox 1002 542 1036 597; x_wconf 91' lang='lat' dir='ltr'><strong>et</strong></span> <span class='ocrx_word' id='word_1_25' title='bbox 1107 571 1118 583; x_wconf 93' lang='lat'><em>-</em></span> 
     </span>
     <span class='ocr_line' id='line_1_5' title="bbox 119 612 1118 763; baseline 0.002 -84"><span class='ocrx_word' id='word_1_26' title='bbox 119 615 228 713; x_wconf 80' lang='lat' dir='ltr'><strong>nibale</strong></span> <span class='ocrx_word' id='word_1_27' title='bbox 256 613 466 713; x_wconf 80' lang='lat' dir='ltr'><strong>Campaniam</strong></span> <span class='ocrx_word' id='word_1_28' title='bbox 496 612 725 712; x_wconf 64' lang='lat' dir='ltr'><strong>litmriumque</strong></span> <span class='ocrx_word' id='word_1_29' title='bbox 752 612 968 763; x_wconf 55' lang='lat' dir='ltr'><strong>populantur,</strong></span> <span class='ocrx_word' id='word_1_30' title='bbox 1001 623 1035 681; x_wconf 90' lang='lat' dir='ltr'><strong>et</strong></span> <span class='ocrx_word' id='word_1_31' title='bbox 1062 616 1118 681; x_wconf 88' lang='lat' dir='ltr'><strong>sub</strong></span> 
     </span>
     <span class='ocr_line' id='line_1_6' title="bbox 74 697 1117 868; baseline 0.003 -23"><span class='ocrx_word' id='word_1_32' title='bbox 74 706 444 866; x_wconf 41' lang='lat' dir='ltr'><strong>tumlti?</strong></span> <span class='ocrx_word' id='word_1_33' title='bbox 471 697 654 844; x_wconf 55' lang='lat' dir='ltr'><strong>illiti</strong></span> <span class='ocrx_word' id='word_1_34' title='bbox 682 716 793 844; x_wconf 57' lang='lat' dir='ltr'><strong>,tls</strong></span> <span class='ocrx_word' id='word_1_35' title='bbox 820 697 1117 868; x_wconf 62' lang='lat' dir='ltr'><strong>ttffipblg</strong></span> 
     </span>
     <span class='ocr_line' id='line_1_7' title="bbox 117 861 1118 947; baseline 0.002 -18"><span class='ocrx_word' id='word_1_36' title='bbox 117 863 166 929; x_wconf 90' lang='lat' dir='ltr'><strong>ibi</strong></span> <span class='ocrx_word' id='word_1_37' title='bbox 185 863 325 944; x_wconf 87' lang='lat' dir='ltr'><strong>Marius,</strong></span> <span class='ocrx_word' id='word_1_38' title='bbox 352 862 406 925; x_wconf 87' lang='lat' dir='ltr'><strong>hie</strong></span> <span class='ocrx_word' id='word_1_39' title='bbox 427 861 598 927; x_wconf 82' lang='lat' dir='ltr'><strong>Telesinus</strong></span> <span class='ocrx_word' id='word_1_40' title='bbox 626 864 782 947; x_wconf 85' lang='lat' dir='ltr'><strong>oppressi.</strong></span> <span class='ocrx_word' id='word_1_41' title='bbox 825 883 887 927; x_wconf 84' lang='lat' dir='ltr'><strong>nee</strong></span> <span class='ocrx_word' id='word_1_42' title='bbox 903 862 994 927; x_wconf 86' lang='lat' dir='ltr'><strong>idem</strong></span> <span class='ocrx_word' id='word_1_43' title='bbox 1012 872 1118 931; x_wconf 59' lang='lat' dir='ltr'><strong>nmen</strong></span> 
     </span>
     <span class='ocr_line' id='line_1_8' title="bbox 118 944 1023 1043; baseline 0.002 -34"><span class='ocrx_word' id='word_1_44' title='bbox 118 946 266 1010; x_wconf 79' lang='lat' dir='ltr'><strong>caedium</strong></span> <span class='ocrx_word' id='word_1_45' title='bbox 293 947 348 1043; x_wconf 76' lang='lat' dir='ltr'><strong>qui</strong></span> <span class='ocrx_word' id='word_1_46' title='bbox 375 944 456 1009; x_wconf 91' lang='lat' dir='ltr'><strong>belli</strong></span> <span class='ocrx_word' id='word_1_47' title='bbox 473 946 549 1009; x_wconf 90' lang='lat' dir='ltr'><strong>finis</strong></span> <span class='ocrx_word' id='word_1_48' title='bbox 570 945 643 1010; x_wconf 81' lang='lat' dir='ltr'><strong>fuit.</strong></span> <span class='ocrx_word' id='word_1_49' title='bbox 687 946 791 1010; x_wconf 78' lang='lat' dir='ltr'><strong>stricti</strong></span> <span class='ocrx_word' id='word_1_50' title='bbox 816 946 904 1009; x_wconf 91' lang='lat' dir='ltr'><strong>enim</strong></span> <span class='ocrx_word' id='word_1_51' title='bbox 931 954 965 1011; x_wconf 88' lang='lat' dir='ltr'><strong>et</strong></span> <span class='ocrx_word' id='word_1_52' title='bbox 985 948 1023 1011; x_wconf 91' lang='lat' dir='ltr'><strong>in</strong></span> 
     </span>
     <span class='ocr_line' id='line_1_9' title="bbox 141 1028 1116 1127; baseline 0.003 -35"><span class='ocrx_word' id='word_1_53' title='bbox 141 1028 236 1109; x_wconf 91' lang='lat' dir='ltr'><strong>ladii,</strong></span> <span class='ocrx_word' id='word_1_54' title='bbox 263 1028 589 1115; x_wconf 77' lang='lat' dir='ltr'><strong>ammadversumque</strong></span> <span class='ocrx_word' id='word_1_55' title='bbox 612 1030 738 1109; x_wconf 89' lang='lat' dir='ltr'><strong>ineos,</strong></span> <span class='ocrx_word' id='word_1_56' title='bbox 766 1029 823 1127; x_wconf 74' lang='lat' dir='ltr'><strong>qui</strong></span> <span class='ocrx_word' id='word_1_57' title='bbox 843 1049 879 1093; x_wconf 88' lang='lat' dir='ltr'><strong>se</strong></span> <span class='ocrx_word' id='word_1_58' title='bbox 896 1036 1014 1115; x_wconf 84' lang='lat' dir='ltr'><strong>sponte</strong></span> <span class='ocrx_word' id='word_1_59' title='bbox 1056 1030 1116 1095; x_wconf 84' lang='lat' dir='ltr'><strong>edi·</strong></span> 
     </span>
     <span class='ocr_line' id='line_1_10' title="bbox 71 1051 1114 1210; baseline 0.008 -41"><span class='ocrx_word' id='word_1_60' title='bbox 71 1051 242 1176; x_wconf 63' lang='lat' dir='ltr'><strong>arietant.</strong></span> <span class='ocrx_word' id='word_1_61' title='bbox 286 1113 392 1175; x_wconf 88' lang='lat' dir='ltr'><strong>minus</strong></span> <span class='ocrx_word' id='word_1_62' title='bbox 416 1121 474 1193; x_wconf 87' lang='lat' dir='ltr'><strong>est,</strong></span> <span class='ocrx_word' id='word_1_63' title='bbox 497 1112 585 1210; x_wconf 81' lang='lat' dir='ltr'><strong>quod</strong></span> <span class='ocrx_word' id='word_1_64' title='bbox 606 1120 684 1196; x_wconf 91' lang='lat' dir='ltr'><strong>aput</strong></span> <span class='ocrx_word' id='word_1_65' title='bbox 702 1109 794 1175; x_wconf 84' lang='lat' dir='ltr'><strong>Saerr</strong></span> <span class='ocrx_word' id='word_1_66' title='bbox 837 1118 933 1193; x_wconf 87' lang='lat' dir='ltr'><strong>rtum,</strong></span> <span class='ocrx_word' id='word_1_67' title='bbox 955 1132 977 1174; x_wconf 85' lang='lat' dir='ltr'><strong>a</strong></span> <span class='ocrx_word' id='word_1_68' title='bbox 997 1111 1114 1179; x_wconf 84' lang='lat' dir='ltr'><strong>utOol·</strong></span> 
     </span>
     <span class='ocr_line' id='line_1_11' title="bbox 118 1190 1115 1341; baseline 0.003 -83"><span class='ocrx_word' id='word_1_69' title='bbox 118 1195 218 1258; x_wconf 90' lang='lat' dir='ltr'><strong>linam</strong></span> <span class='ocrx_word' id='word_1_70' title='bbox 247 1196 453 1280; x_wconf 80' lang='lat' dir='ltr'><strong>septuaginta</strong></span> <span class='ocrx_word' id='word_1_71' title='bbox 478 1195 569 1258; x_wconf 77' lang='lat' dir='ltr'><strong>milia</strong></span> <span class='ocrx_word' id='word_1_72' title='bbox 593 1190 776 1341; x_wconf 81' lang='lat' dir='ltr'><strong>ampliusS</strong></span> <span class='ocrx_word' id='word_1_73' title='bbox 823 1216 844 1259; x_wconf 90' lang='lat' dir='ltr'><strong>a</strong></span> <span class='ocrx_word' id='word_1_74' title='bbox 863 1196 958 1260; x_wconf 83' lang='lat' dir='ltr'><strong>conci</strong></span> <span class='ocrx_word' id='word_1_75' title='bbox 993 1205 1023 1259; x_wconf 86' lang='lat' dir='ltr'><strong>t:</strong></span> <span class='ocrx_word' id='word_1_76' title='bbox 1053 1194 1115 1261; x_wconf 84' lang='lat' dir='ltr'><strong>bel·</strong></span> 
     </span>
     <span class='ocr_line' id='line_1_12' title="bbox 117 1277 1116 1345; baseline 0.004 -4"><span class='ocrx_word' id='word_1_77' title='bbox 117 1277 185 1342; x_wconf 91' lang='lat' dir='ltr'><strong>lum</strong></span> <span class='ocrx_word' id='word_1_78' title='bbox 208 1288 286 1342; x_wconf 88' lang='lat' dir='ltr'><strong>erat.</strong></span> <span class='ocrx_word' id='word_1_79' title='bbox 341 1287 471 1342; x_wconf 84' lang='lat' dir='ltr'><strong>nattuor</strong></span> <span class='ocrx_word' id='word_1_80' title='bbox 490 1278 582 1341; x_wconf 84' lang='lat' dir='ltr'><strong>milia</strong></span> <span class='ocrx_word' id='word_1_81' title='bbox 601 1278 642 1343; x_wconf 86' lang='lat' dir='ltr'><strong>de</strong></span> <span class='ocrx_word' id='word_1_82' title='bbox 666 1278 784 1343; x_wconf 87' lang='lat' dir='ltr'><strong>iterum</strong></span> <span class='ocrx_word' id='word_1_83' title='bbox 804 1278 979 1343; x_wconf 87' lang='lat' dir='ltr'><strong>inermium</strong></span> <span class='ocrx_word' id='word_1_84' title='bbox 999 1278 1116 1345; x_wconf 82' lang='lat' dir='ltr'><strong>civium</strong></span> 
     </span>
     <span class='ocr_line' id='line_1_13' title="bbox 72 1360 1116 1447; baseline 0.006 -28"><span class='ocrx_word' id='word_1_85' title='bbox 72 1371 107 1421; x_wconf 79' lang='lat'><strong>‘25</strong></span> <span class='ocrx_word' id='word_1_86' title='bbox 117 1362 153 1425; x_wconf 91' lang='lat' dir='ltr'><strong>in</strong></span> <span class='ocrx_word' id='word_1_87' title='bbox 180 1360 260 1425; x_wconf 82' lang='lat' dir='ltr'><strong>villa</strong></span> <span class='ocrx_word' id='word_1_88' title='bbox 287 1384 332 1446; x_wconf 92' lang='lat' dir='ltr'><strong>pu</strong></span> <span class='ocrx_word' id='word_1_89' title='bbox 355 1361 419 1424; x_wconf 85' lang='lat' dir='ltr'><strong>lica</strong></span> <span class='ocrx_word' id='word_1_90' title='bbox 445 1360 584 1425; x_wconf 88' lang='lat' dir='ltr'><strong>interfici</strong></span> <span class='ocrx_word' id='word_1_91' title='bbox 606 1361 717 1425; x_wconf 87' lang='lat' dir='ltr'><strong>iussit:</strong></span> <span class='ocrx_word' id='word_1_92' title='bbox 745 1360 801 1424; x_wconf 88' lang='lat' dir='ltr'><strong>isti</strong></span> <span class='ocrx_word' id='word_1_93' title='bbox 825 1368 875 1425; x_wconf 82' lang='lat' dir='ltr'><strong>tot</strong></span> <span class='ocrx_word' id='word_1_94' title='bbox 896 1361 932 1425; x_wconf 86' lang='lat' dir='ltr'><strong>in</strong></span> <span class='ocrx_word' id='word_1_95' title='bbox 953 1382 1038 1447; x_wconf 81' lang='lat' dir='ltr'><strong>paee</strong></span> <span class='ocrx_word' id='word_1_96' title='bbox 1054 1382 1116 1443; x_wconf 86' lang='lat' dir='ltr'><strong>nen</strong></span> 
     </span>
     <span class='ocr_line' id='line_1_14' title="bbox 117 1442 1116 1543; baseline 0 -34"><span class='ocrx_word' id='word_1_97' title='bbox 117 1445 227 1543; x_wconf 85' lang='lat' dir='ltr'><strong>plures</strong></span> <span class='ocrx_word' id='word_1_98' title='bbox 244 1445 342 1507; x_wconf 80' lang='lat' dir='ltr'><strong>sunt?</strong></span> <span class='ocrx_word' id='word_1_99' title='bbox 371 1447 443 1529; x_wconf 87' lang='lat' dir='ltr'><strong>quis</strong></span> <span class='ocrx_word' id='word_1_100' title='bbox 465 1454 573 1508; x_wconf 86' lang='lat' dir='ltr'><strong>autem</strong></span> <span class='ocrx_word' id='word_1_101' title='bbox 596 1442 671 1509; x_wconf 90' lang='lat' dir='ltr'><strong>illos</strong></span> <span class='ocrx_word' id='word_1_102' title='bbox 691 1451 798 1529; x_wconf 88' lang='lat' dir='ltr'><strong>potest</strong></span> <span class='ocrx_word' id='word_1_103' title='bbox 817 1464 880 1509; x_wconf 85' lang='lat' dir='ltr'><strong>oon</strong></span> <span class='ocrx_word' id='word_1_104' title='bbox 901 1451 1011 1527; x_wconf 86' lang='lat' dir='ltr'><strong>utare,</strong></span> <span class='ocrx_word' id='word_1_105' title='bbox 1060 1464 1116 1509; x_wconf 89' lang='lat' dir='ltr'><strong>uos</strong></span> 
     </span>
     <span class='ocr_line' id='line_1_15' title="bbox 116 1464 1114 1624; baseline 0.002 -33"><span class='ocrx_word' id='word_1_106' title='bbox 116 1550 152 1591; x_wconf 89' lang='grc' dir='ltr'><strong>ιιι</strong></span> <span class='ocrx_word' id='word_1_107' title='bbox 172 1527 253 1591; x_wconf 90' lang='lat' dir='ltr'><strong>urbe</strong></span> <span class='ocrx_word' id='word_1_108' title='bbox 274 1528 398 1611; x_wconf 87' lang='lat' dir='ltr'><strong>passim</strong></span> <span class='ocrx_word' id='word_1_109' title='bbox 418 1528 563 1624; x_wconf 67' lang='lat' dir='ltr'><strong>quisquis</strong></span> <span class='ocrx_word' id='word_1_110' title='bbox 588 1525 693 1591; x_wconf 81' lang='lat' dir='ltr'><strong>voluit</strong></span> <span class='ocrx_word' id='word_1_111' title='bbox 713 1525 856 1593; x_wconf 68' lang='lat' dir='ltr'><strong>oceidit?</strong></span> <span class='ocrx_word' id='word_1_112' title='bbox 879 1464 991 1593; x_wconf 72' lang='lat' dir='ltr'><strong>llonee</strong></span> <span class='ocrx_word' id='word_1_113' title='bbox 1085 1548 1114 1593; x_wconf 90' lang='lat' dir='ltr'><strong>o·</strong></span> 
     </span>
     <span class='ocr_line' id='line_1_16' title="bbox 116 1608 1116 1697; baseline 0.006 -26"><span class='ocrx_word' id='word_1_114' title='bbox 116 1619 215 1672; x_wconf 87' lang='lat' dir='ltr'><strong>nente</strong></span> <span class='ocrx_word' id='word_1_115' title='bbox 240 1608 387 1689; x_wconf 86' lang='lat' dir='ltr'><strong>Fufidio,</strong></span> <span class='ocrx_word' id='word_1_116' title='bbox 413 1631 527 1674; x_wconf 82' lang='lat' dir='ltr'><strong>vivere</strong></span> <span class='ocrx_word' id='word_1_117' title='bbox 552 1609 679 1695; x_wconf 86' lang='lat' dir='ltr'><strong>aliquos</strong></span> <span class='ocrx_word' id='word_1_118' title='bbox 706 1608 842 1690; x_wconf 85' lang='lat' dir='ltr'><strong>debere,</strong></span> <span class='ocrx_word' id='word_1_119' title='bbox 868 1616 906 1675; x_wconf 87' lang='lat' dir='ltr'><strong>ut</strong></span> <span class='ocrx_word' id='word_1_120' title='bbox 926 1619 1038 1675; x_wconf 86' lang='lat' dir='ltr'><strong>essent</strong></span> <span class='ocrx_word' id='word_1_121' title='bbox 1052 1610 1116 1697; x_wconf 87' lang='lat' dir='ltr'><strong>qni-</strong></span> 
     </span>
     <span class='ocr_line' id='line_1_17' title="bbox 116 1690 1118 1789; baseline 0.003 -33"><span class='ocrx_word' id='word_1_122' title='bbox 116 1691 178 1756; x_wconf 91' lang='lat' dir='ltr'><strong>bus</strong></span> <span class='ocrx_word' id='word_1_123' title='bbox 198 1693 387 1775; x_wconf 87' lang='lat' dir='ltr'><strong>imperaret,</strong></span> <span class='ocrx_word' id='word_1_124' title='bbox 405 1694 572 1789; x_wconf 86' lang='lat' dir='ltr'><strong>proposita</strong></span> <span class='ocrx_word' id='word_1_125' title='bbox 592 1700 642 1757; x_wconf 88' lang='lat' dir='ltr'><strong>est</strong></span> <span class='ocrx_word' id='word_1_126' title='bbox 662 1694 777 1777; x_wconf 82' lang='lat' dir='ltr'><strong>ingens</strong></span> <span class='ocrx_word' id='word_1_127' title='bbox 800 1692 859 1757; x_wconf 83' lang='lat' dir='ltr'><strong>illa</strong></span> <span class='ocrx_word' id='word_1_128' title='bbox 878 1690 1008 1775; x_wconf 88' lang='lat' dir='ltr'><strong>tabula,</strong></span> <span class='ocrx_word' id='word_1_129' title='bbox 1028 1702 1063 1758; x_wconf 87' lang='lat' dir='ltr'><strong>et</strong></span> <span class='ocrx_word' id='word_1_130' title='bbox 1077 1714 1118 1759; x_wconf 76' lang='lat' dir='ltr'><strong>ex</strong></span> 
     </span>
     <span class='ocr_line' id='line_1_18' title="bbox 116 1774 1117 1859; baseline 0.004 -22"><span class='ocrx_word' id='word_1_131' title='bbox 116 1776 188 1859; x_wconf 90' lang='lat' dir='ltr'><strong>ipso</strong></span> <span class='ocrx_word' id='word_1_132' title='bbox 213 1774 372 1856; x_wconf 85' lang='lat' dir='ltr'><strong>equestris</strong></span> <span class='ocrx_word' id='word_1_133' title='bbox 400 1774 523 1838; x_wconf 86' lang='lat' dir='ltr'><strong>ordmis</strong></span> <span class='ocrx_word' id='word_1_134' title='bbox 548 1775 628 1840; x_wconf 89' lang='lat' dir='ltr'><strong>flore</strong></span> <span class='ocrx_word' id='word_1_135' title='bbox 655 1797 694 1839; x_wconf 87' lang='lat' dir='ltr'><strong>ae</strong></span> <span class='ocrx_word' id='word_1_136' title='bbox 715 1783 830 1841; x_wconf 88' lang='lat' dir='ltr'><strong>senatu</strong></span> <span class='ocrx_word' id='word_1_137' title='bbox 850 1776 916 1841; x_wconf 87' lang='lat' dir='ltr'><strong>duo</strong></span> <span class='ocrx_word' id='word_1_138' title='bbox 942 1776 1037 1841; x_wconf 87' lang='lat' dir='ltr'><strong>milia</strong></span> <span class='ocrx_word' id='word_1_139' title='bbox 1057 1775 1117 1841; x_wconf 83' lang='lat' dir='ltr'><strong>ele</strong></span> 
     </span>
     <span class='ocr_line' id='line_1_19' title="bbox 73 1857 1117 1943; baseline 0.008 -28"><span class='ocrx_word' id='word_1_140' title='bbox 73 1858 179 1938; x_wconf 70' lang='lat' dir='ltr'><strong>noeti,</strong></span> <span class='ocrx_word' id='word_1_141' title='bbox 201 1859 256 1942; x_wconf 92' lang='lat' dir='ltr'><strong>qui</strong></span> <span class='ocrx_word' id='word_1_142' title='bbox 276 1857 359 1922; x_wconf 89' lang='lat' dir='ltr'><strong>mori</strong></span> <span class='ocrx_word' id='word_1_143' title='bbox 379 1857 583 1922; x_wconf 86' lang='lat' dir='ltr'><strong>iuberentur:</strong></span> <span class='ocrx_word' id='word_1_144' title='bbox 605 1860 684 1923; x_wconf 86' lang='lat' dir='ltr'><strong>novi</strong></span> <span class='ocrx_word' id='word_1_145' title='bbox 703 1859 833 1943; x_wconf 87' lang='lat' dir='ltr'><strong>generis</strong></span> <span class='ocrx_word' id='word_1_146' title='bbox 856 1858 1008 1925; x_wconf 81' lang='lat' dir='ltr'><strong>edietum.</strong></span> <span class='ocrx_word' id='word_1_147' title='bbox 1051 1859 1117 1925; x_wconf 93' lang='lat' dir='ltr'><strong>lon·</strong></span> 
     </span>
    </p>
   </div>
   <div class='ocr_carea' id='block_1_3' title="bbox 73 1939 1133 2505">
    <p class='ocr_par' dir='ltr' id='par_1_3' title="bbox 73 1939 1133 2505">
     <span class='ocr_line' id='line_1_20' title="bbox 139 1939 1133 2025; baseline 0.003 -21"><span class='ocrx_word' id='word_1_148' title='bbox 139 1962 195 2004; x_wconf 93' lang='lat' dir='ltr'><strong>um</strong></span> <span class='ocrx_word' id='word_1_149' title='bbox 239 1950 290 2004; x_wconf 90' lang='lat' dir='ltr'><strong>ost</strong></span> <span class='ocrx_word' id='word_1_150' title='bbox 308 1939 389 2004; x_wconf 77' lang='lat' dir='ltr'><strong>haee</strong></span> <span class='ocrx_word' id='word_1_151' title='bbox 409 1940 534 2006; x_wconf 83' lang='lat' dir='ltr'><strong>referre</strong></span> <span class='ocrx_word' id='word_1_152' title='bbox 554 1941 695 2007; x_wconf 87' lang='lat' dir='ltr'><strong>ludibrio</strong></span> <span class='ocrx_word' id='word_1_153' title='bbox 722 1940 834 2006; x_wconf 88' lang='lat' dir='ltr'><strong>habita</strong></span> <span class='ocrx_word' id='word_1_154' title='bbox 858 1941 927 2006; x_wconf 82' lang='lat' dir='ltr'><strong>fata</strong></span> <span class='ocrx_word' id='word_1_155' title='bbox 945 1940 1133 2025; x_wconf 80' lang='lat' dir='ltr'><strong>Carbonis,</strong></span> 
     </span>
     <span class='ocr_line' id='line_1_21' title="bbox 115 1962 1117 2111; baseline 0.002 -24"><span class='ocrx_word' id='word_1_156' title='bbox 115 1962 186 2088; x_wconf 69' lang='lat' dir='ltr'><strong>lata</strong></span> <span class='ocrx_word' id='word_1_157' title='bbox 228 2025 328 2104; x_wconf 89' lang='lat' dir='ltr'><strong>orani,</strong></span> <span class='ocrx_word' id='word_1_158' title='bbox 350 2023 531 2090; x_wconf 87' lang='lat' dir='ltr'><strong>Plaetorios</strong></span> <span class='ocrx_word' id='word_1_159' title='bbox 552 2024 845 2111; x_wconf 82' lang='lat' dir='ltr'><strong>etqueVenuleios,</strong></span> <span class='ocrx_word' id='word_1_160' title='bbox 866 2023 1028 2091; x_wconf 87' lang='lat' dir='ltr'><strong>Baebium</strong></span> <span class='ocrx_word' id='word_1_161' title='bbox 1049 2027 1117 2091; x_wconf 90' lang='lat' dir='ltr'><strong>sine</strong></span> 
     </span>
     <span class='ocr_line' id='line_1_22' title="bbox 116 2106 1118 2191; baseline 0.003 -19"><span class='ocrx_word' id='word_1_162' title='bbox 116 2108 204 2173; x_wconf 83' lang='lat' dir='ltr'><strong>ferro</strong></span> <span class='ocrx_word' id='word_1_163' title='bbox 224 2111 289 2172; x_wconf 90' lang='lat' dir='ltr'><strong>ritu</strong></span> <span class='ocrx_word' id='word_1_164' title='bbox 309 2107 452 2173; x_wconf 84' lang='lat' dir='ltr'><strong>serarum</strong></span> <span class='ocrx_word' id='word_1_165' title='bbox 471 2110 556 2174; x_wconf 88' lang='lat' dir='ltr'><strong>inter</strong></span> <span class='ocrx_word' id='word_1_166' title='bbox 571 2108 867 2190; x_wconf 78' lang='lat' dir='ltr'><strong>manus-laniatum,</strong></span> <span class='ocrx_word' id='word_1_167' title='bbox 887 2106 1040 2191; x_wconf 84' lang='lat' dir='ltr'><strong>Marium,</strong></span> <span class='ocrx_word' id='word_1_168' title='bbox 1062 2108 1118 2175; x_wconf 86' lang='lat' dir='ltr'><strong>du·</strong></span> 
     </span>
     <span class='ocr_line' id='line_1_23' title="bbox 115 2190 1117 2290; baseline 0.002 -34"><span class='ocrx_word' id='word_1_169' title='bbox 115 2193 163 2256; x_wconf 89' lang='lat' dir='ltr'><strong>eis</strong></span> <span class='ocrx_word' id='word_1_170' title='bbox 181 2193 285 2277; x_wconf 90' lang='lat' dir='ltr'><strong>ipsius</strong></span> <span class='ocrx_word' id='word_1_171' title='bbox 305 2191 455 2274; x_wconf 84' lang='lat' dir='ltr'><strong>fratrem,</strong></span> <span class='ocrx_word' id='word_1_172' title='bbox 475 2202 554 2278; x_wconf 88' lang='lat' dir='ltr'><strong>aput</strong></span> <span class='ocrx_word' id='word_1_173' title='bbox 572 2191 680 2257; x_wconf 78' lang='lat' dir='ltr'><strong>Catuli</strong></span> <span class='ocrx_word' id='word_1_174' title='bbox 699 2190 884 2290; x_wconf 84' lang='lat' dir='ltr'><strong>sepulcrum</strong></span> <span class='ocrx_word' id='word_1_175' title='bbox 900 2190 1004 2259; x_wconf 78' lang='lat' dir='ltr'><strong>oeulis</strong></span> <span class='ocrx_word' id='word_1_176' title='bbox 1024 2190 1117 2258; x_wconf 76' lang='lat' dir='ltr'><strong>ellos</strong></span> 
     </span>
     <span class='ocr_line' id='line_1_24' title="bbox 117 2274 1117 2375; baseline 0.004 -38"><span class='ocrx_word' id='word_1_177' title='bbox 117 2276 177 2355; x_wconf 87' lang='lat' dir='ltr'><strong>sis,</strong></span> <span class='ocrx_word' id='word_1_178' title='bbox 206 2274 355 2338; x_wconf 84' lang='lat' dir='ltr'><strong>manibus</strong></span> <span class='ocrx_word' id='word_1_179' title='bbox 384 2275 594 2363; x_wconf 80' lang='lat' dir='ltr'><strong>cruribusque</strong></span> <span class='ocrx_word' id='word_1_180' title='bbox 616 2274 756 2339; x_wconf 80' lang='lat' dir='ltr'><strong>effractus</strong></span> <span class='ocrx_word' id='word_1_181' title='bbox 785 2284 951 2340; x_wconf 85' lang='lat' dir='ltr'><strong>servatum</strong></span> <span class='ocrx_word' id='word_1_182' title='bbox 972 2274 1117 2375; x_wconf 81' lang='lat' dir='ltr'><strong>aliquan·</strong></span> 
     </span>
     <span class='ocr_line' id='line_1_25' title="bbox 73 2356 1116 2505; baseline 0.002 -84"><span class='ocrx_word' id='word_1_183' title='bbox 73 2356 189 2438; x_wconf 71' lang='lat' dir='ltr'><strong>tulin,</strong></span> <span class='ocrx_word' id='word_1_184' title='bbox 211 2368 247 2421; x_wconf 87' lang='lat' dir='ltr'><strong>ut</strong></span> <span class='ocrx_word' id='word_1_185' title='bbox 265 2379 325 2442; x_wconf 89' lang='lat' dir='ltr'><strong>per</strong></span> <span class='ocrx_word' id='word_1_186' title='bbox 342 2359 471 2442; x_wconf 80' lang='lat' dir='ltr'><strong>singula</strong></span> <span class='ocrx_word' id='word_1_187' title='bbox 490 2358 635 2422; x_wconf 82' lang='lat' dir='ltr'><strong>membra</strong></span> <span class='ocrx_word' id='word_1_188' title='bbox 655 2366 843 2423; x_wconf 87' lang='lat' dir='ltr'><strong>moreretur.</strong></span> <span class='ocrx_word' id='word_1_189' title='bbox 876 2358 984 2505; x_wconf 83' lang='lat' dir='ltr'><strong>possis</strong></span> <span class='ocrx_word' id='word_1_190' title='bbox 1006 2380 1116 2443; x_wconf 76' lang='lat' dir='ltr'><strong>sungu-</strong></span> 
     </span>
    </p>
   </div>
   <div class='ocr_carea' id='block_1_4' title="bbox 71 2438 1118 3004">
    <p class='ocr_par' dir='ltr' id='par_1_4' title="bbox 115 2438 1117 2528">
     <span class='ocr_line' id='line_1_26' title="bbox 115 2438 1117 2528; baseline 0.003 -26"><span class='ocrx_word' id='word_1_191' title='bbox 115 2438 220 2502; x_wconf 89' lang='lat' dir='ltr'><strong>lorum</strong></span> <span class='ocrx_word' id='word_1_192' title='bbox 240 2440 406 2504; x_wconf 91' lang='lat' dir='ltr'><strong>hominum</strong></span> <span class='ocrx_word' id='word_1_193' title='bbox 428 2441 515 2505; x_wconf 85' lang='lat' dir='ltr'><strong>ferre</strong></span> <span class='ocrx_word' id='word_1_194' title='bbox 531 2461 669 2525; x_wconf 87' lang='lat' dir='ltr'><strong>poenas:</strong></span> <span class='ocrx_word' id='word_1_195' title='bbox 689 2442 865 2526; x_wconf 84' lang='lat' dir='ltr'><strong>municipia</strong></span> <span class='ocrx_word' id='word_1_196' title='bbox 893 2440 993 2506; x_wconf 88' lang='lat' dir='ltr'><strong>taliae</strong></span> <span class='ocrx_word' id='word_1_197' title='bbox 1011 2440 1117 2528; x_wconf 85' lang='lat' dir='ltr'><strong>splen-</strong></span> 
     </span>
    </p>

    <p class='ocr_par' dir='ltr' id='par_1_5' title="bbox 71 2520 1117 2693">
     <span class='ocr_line' id='line_1_27' title="bbox 116 2520 1117 2607; baseline 0.005 -22"><span class='ocrx_word' id='word_1_198' title='bbox 116 2520 285 2585; x_wconf 84' lang='lat' dir='ltr'><strong>didissima</strong></span> <span class='ocrx_word' id='word_1_199' title='bbox 307 2524 367 2586; x_wconf 92' lang='lat' dir='ltr'><strong>sub</strong></span> <span class='ocrx_word' id='word_1_200' title='bbox 386 2521 481 2588; x_wconf 84' lang='lat' dir='ltr'><strong>hasta</strong></span> <span class='ocrx_word' id='word_1_201' title='bbox 501 2525 688 2607; x_wconf 87' lang='lat' dir='ltr'><strong>venierunt,</strong></span> <span class='ocrx_word' id='word_1_202' title='bbox 710 2522 733 2589; x_wconf 86' lang='lat' dir='ltr'>S</span> <span class='ocrx_word' id='word_1_203' title='bbox 775 2525 903 2607; x_wconf 89' lang='lat' dir='ltr'><strong>letium,</strong></span> <span class='ocrx_word' id='word_1_204' title='bbox 925 2523 1117 2589; x_wconf 87' lang='lat' dir='ltr'><strong>Interamni-</strong></span> 
     </span>
     <span class='ocr_line' id='line_1_28' title="bbox 71 2603 1117 2693; baseline 0.008 -26"><span class='ocrx_word' id='word_1_205' title='bbox 71 2608 105 2659; x_wconf 71' lang='lat'><strong>28</strong></span> <span class='ocrx_word' id='word_1_206' title='bbox 114 2624 178 2683; x_wconf 88' lang='lat' dir='ltr'><strong>um,</strong></span> <span class='ocrx_word' id='word_1_207' title='bbox 201 2603 387 2687; x_wconf 88' lang='lat' dir='ltr'><strong>Praeneste,</strong></span> <span class='ocrx_word' id='word_1_208' title='bbox 407 2605 586 2672; x_wconf 84' lang='lat' dir='ltr'><strong>Florentia.</strong></span> <span class='ocrx_word' id='word_1_209' title='bbox 629 2629 706 2672; x_wconf 82' lang='lat' dir='ltr'><strong>nam</strong></span> <span class='ocrx_word' id='word_1_210' title='bbox 750 2607 929 2689; x_wconf 90' lang='lat' dir='ltr'><strong>ulmonem,</strong></span> <span class='ocrx_word' id='word_1_211' title='bbox 949 2616 1046 2673; x_wconf 89' lang='lat' dir='ltr'><strong>vetus</strong></span> <span class='ocrx_word' id='word_1_212' title='bbox 1064 2628 1117 2693; x_wconf 78' lang='lat' dir='ltr'><strong>op</strong></span> 
     </span>
    </p>

    <p class='ocr_par' dir='ltr' id='par_1_6' title="bbox 111 2686 1118 3004">
     <span class='ocr_line' id='line_1_29' title="bbox 113 2686 1118 2775; baseline 0.007 -26"><span class='ocrx_word' id='word_1_213' title='bbox 113 2686 226 2772; x_wconf 86' lang='lat' dir='ltr'><strong>pidum</strong></span> <span class='ocrx_word' id='word_1_214' title='bbox 247 2691 370 2753; x_wconf 84' lang='lat' dir='ltr'><strong>socium</strong></span> <span class='ocrx_word' id='word_1_215' title='bbox 390 2698 488 2775; x_wconf 90' lang='lat' dir='ltr'><strong>atque</strong></span> <span class='ocrx_word' id='word_1_216' title='bbox 508 2692 647 2755; x_wconf 81' lang='lat' dir='ltr'><strong>amioum</strong></span> <span class='ocrx_word' id='word_1_217' title='bbox 666 2726 710 2741; x_wconf 85' lang='lat'><strong>-·</strong></span> <span class='ocrx_word' id='word_1_218' title='bbox 726 2691 853 2755; x_wconf 80' lang='lat' dir='ltr'><strong>facinus</strong></span> <span class='ocrx_word' id='word_1_219' title='bbox 875 2691 1118 2774; x_wconf 75' lang='lat' dir='ltr'><strong>indignum!-</strong></span> 
     </span>
     <span class='ocr_line' id='line_1_30' title="bbox 112 2772 1116 2861; baseline 0.005 -28"><span class='ocrx_word' id='word_1_220' title='bbox 112 2790 179 2833; x_wconf 91' lang='lat' dir='ltr'><strong>non</strong></span> <span class='ocrx_word' id='word_1_221' title='bbox 211 2793 253 2835; x_wconf 84' lang='lat' dir='ltr'><strong>ex</strong></span> <span class='ocrx_word' id='word_1_222' title='bbox 275 2782 376 2857; x_wconf 85' lang='lat' dir='ltr'><strong>ugnat</strong></span> <span class='ocrx_word' id='word_1_223' title='bbox 401 2781 458 2837; x_wconf 89' lang='lat' dir='ltr'><strong>aut</strong></span> <span class='ocrx_word' id='word_1_224' title='bbox 479 2773 606 2839; x_wconf 89' lang='lat' dir='ltr'><strong>obsidet</strong></span> <span class='ocrx_word' id='word_1_225' title='bbox 627 2775 698 2839; x_wconf 88' lang='lat' dir='ltr'><strong>iure</strong></span> <span class='ocrx_word' id='word_1_226' title='bbox 718 2773 813 2856; x_wconf 82' lang='lat' dir='ltr'><strong>belli3</strong></span> <span class='ocrx_word' id='word_1_227' title='bbox 842 2773 902 2839; x_wconf 88' lang='lat' dir='ltr'><strong>sed</strong></span> <span class='ocrx_word' id='word_1_228' title='bbox 929 2794 993 2861; x_wconf 89' lang='lat' dir='ltr'><strong>quo</strong></span> <span class='ocrx_word' id='word_1_229' title='bbox 1019 2772 1116 2841; x_wconf 84' lang='lat' dir='ltr'><strong>medo</strong></span> 
     </span>
     <span class='ocr_line' id='line_1_31' title="bbox 112 2794 1117 2939; baseline 0.008 -24"><span class='ocrx_word' id='word_1_230' title='bbox 112 2860 216 2918; x_wconf 87' lang='lat' dir='ltr'><strong>morte</strong></span> <span class='ocrx_word' id='word_1_231' title='bbox 238 2794 382 2920; x_wconf 71' lang='lat' dir='ltr'><strong>dimnati</strong></span> <span class='ocrx_word' id='word_1_232' title='bbox 403 2856 477 2921; x_wconf 85' lang='lat' dir='ltr'><strong>duci</strong></span> <span class='ocrx_word' id='word_1_233' title='bbox 498 2856 659 2939; x_wconf 88' lang='lat' dir='ltr'><strong>iubentur,</strong></span> <span class='ocrx_word' id='word_1_234' title='bbox 680 2860 727 2922; x_wconf 86' lang='lat' dir='ltr'><strong>sio</strong></span> <span class='ocrx_word' id='word_1_235' title='bbox 748 2857 933 2923; x_wconf 85' lang='lat' dir='ltr'><strong>damnatam</strong></span> <span class='ocrx_word' id='word_1_236' title='bbox 951 2858 1117 2923; x_wconf 82' lang='lat' dir='ltr'><strong>civitatem</strong></span> 
     </span>
     <span class='ocr_line' id='line_1_32' title="bbox 111 2935 451 3004; baseline 0.018 -6"><span class='ocrx_word' id='word_1_237' title='bbox 111 2935 207 2999; x_wconf 87' lang='lat' dir='ltr'><strong>iussit</strong></span> <span class='ocrx_word' id='word_1_238' title='bbox 229 2935 320 3001; x_wconf 86' lang='lat' dir='ltr'><strong>Sulla</strong></span> <span class='ocrx_word' id='word_1_239' title='bbox 338 2938 451 3004; x_wconf 87' lang='lat' dir='ltr'><strong>deleri.</strong></span> 
     </span>
    </p>
   </div>
   <div class='ocr_carea' id='block_1_5' title="bbox 307 3068 919 3137">
    <p class='ocr_par' dir='ltr' id='par_1_7' title="bbox 307 3068 919 3137">
     <span class='ocr_line' id='line_1_33' title="bbox 307 3068 919 3137; baseline 0.005 -5"><span class='ocrx_word' id='word_1_240' title='bbox 307 3068 352 3132; x_wconf 86' lang='lat' dir='ltr'><strong>X.</strong></span> <span class='ocrx_word' id='word_1_241' title='bbox 380 3068 565 3134; x_wconf 86' lang='lat' dir='ltr'>BELLVM</span> <span class='ocrx_word' id='word_1_242' title='bbox 587 3069 919 3137; x_wconf 82' lang='lat' dir='ltr'><strong>SERTORIANVM.</strong></span> 
     </span>
    </p>
   </div>
   <div class='ocr_carea' id='block_1_6' title="bbox 43 3182 1129 3521">
    <p class='ocr_par' dir='ltr' id='par_1_8' title="bbox 43 3182 1129 3521">
     <span class='ocr_line' id='line_1_34' title="bbox 43 3182 1116 3275; baseline 0.006 -28"><span class='ocrx_word' id='word_1_243' title='bbox 43 3184 143 3265; x_wconf 75' lang='lat'><strong>111,22</strong></span> <span class='ocrx_word' id='word_1_244' title='bbox 194 3182 323 3248; x_wconf 88' lang='lat' dir='ltr'><strong>Bellum</strong></span> <span class='ocrx_word' id='word_1_245' title='bbox 345 3183 566 3250; x_wconf 81' lang='lat' dir='ltr'><strong>Sertorianum</strong></span> <span class='ocrx_word' id='word_1_246' title='bbox 587 3188 666 3273; x_wconf 86' lang='lat' dir='ltr'><strong>quid</strong></span> <span class='ocrx_word' id='word_1_247' title='bbox 687 3189 825 3273; x_wconf 88' lang='lat' dir='ltr'><strong>amplius</strong></span> <span class='ocrx_word' id='word_1_248' title='bbox 846 3210 942 3275; x_wconf 88' lang='lat' dir='ltr'><strong>quam</strong></span> <span class='ocrx_word' id='word_1_249' title='bbox 964 3186 1116 3253; x_wconf 85' lang='lat' dir='ltr'><strong>Sullanae</strong></span> 
     </span>
     <span class='ocr_line' id='line_1_35' title="bbox 114 3266 1129 3414; baseline 0.003 -82"><span class='ocrx_word' id='word_1_250' title='bbox 114 3268 361 3414; x_wconf 51' lang='lat' dir='ltr'><strong>{proscriptionis</strong></span> <span class='ocrx_word' id='word_1_251' title='bbox 387 3266 551 3333; x_wconf 86' lang='lat' dir='ltr'><strong>hereditas</strong></span> <span class='ocrx_word' id='word_1_252' title='bbox 571 3270 658 3335; x_wconf 78' lang='lat' dir='ltr'><strong>fuit?</strong></span> <span class='ocrx_word' id='word_1_253' title='bbox 687 3271 804 3338; x_wconf 88' lang='lat' dir='ltr'><strong>hostile</strong></span> <span class='ocrx_word' id='word_1_254' title='bbox 824 3272 932 3358; x_wconf 86' lang='lat' dir='ltr'><strong>potius</strong></span> <span class='ocrx_word' id='word_1_255' title='bbox 953 3292 997 3335; x_wconf 90' lang='lat' dir='ltr'><strong>an</strong></span> <span class='ocrx_word' id='word_1_256' title='bbox 1017 3270 1129 3336; x_wconf 80' lang='lat' dir='ltr'><strong>civile</strong></span> 
     </span>
     <span class='ocr_line' id='line_1_36' title="bbox 140 3351 1115 3440; baseline 0.002 -25"><span class='ocrx_word' id='word_1_257' title='bbox 140 3352 256 3416; x_wconf 85' lang='lat' dir='ltr'><strong>&#39;xerim</strong></span> <span class='ocrx_word' id='word_1_258' title='bbox 287 3351 413 3432; x_wconf 83' lang='lat' dir='ltr'><strong>neseio,</strong></span> <span class='ocrx_word' id='word_1_259' title='bbox 447 3353 567 3438; x_wconf 88' lang='lat' dir='ltr'><strong>quippe</strong></span> <span class='ocrx_word' id='word_1_260' title='bbox 601 3354 689 3439; x_wconf 91' lang='lat' dir='ltr'><strong>quod</strong></span> <span class='ocrx_word' id='word_1_261' title='bbox 715 3354 866 3419; x_wconf 74' lang='lat' dir='ltr'><strong>Lusitani</strong></span> <span class='ocrx_word' id='word_1_262' title='bbox 895 3352 1115 3440; x_wconf 81' lang='lat' dir='ltr'><strong>Celtiberique</strong></span> 
     </span>
     <span class='ocr_line' id='line_1_37' title="bbox 90 3430 1114 3521; baseline 0.003 -23"><span class='ocrx_word' id='word_1_263' title='bbox 90 3430 263 3500; x_wconf 82' lang='lat' dir='ltr'><strong>2Romano</strong></span> <span class='ocrx_word' id='word_1_264' title='bbox 282 3436 444 3521; x_wconf 86' lang='lat' dir='ltr'><strong>gesserint</strong></span> <span class='ocrx_word' id='word_1_265' title='bbox 468 3435 561 3501; x_wconf 76' lang='lat' dir='ltr'><strong>duee.</strong></span> <span class='ocrx_word' id='word_1_266' title='bbox 606 3436 680 3498; x_wconf 69' lang='lat' dir='ltr'><strong>ern!</strong></span> <span class='ocrx_word' id='word_1_267' title='bbox 715 3459 729 3491; x_wconf 75' lang='lat'><strong>²:</strong></span> <span class='ocrx_word' id='word_1_268' title='bbox 789 3437 919 3503; x_wconf 66' lang='lat' dir='ltr'><strong>refusus</strong></span> <span class='ocrx_word' id='word_1_269' title='bbox 945 3436 1057 3501; x_wconf 83' lang='lat' dir='ltr'><strong>feralis</strong></span> <span class='ocrx_word' id='word_1_270' title='bbox 1076 3436 1114 3501; x_wconf 93' lang='lat' dir='ltr'><strong>il-</strong></span> 
     </span>
    </p>
   </div>
   <div class='ocr_carea' id='block_1_7' title="bbox 0 0 1138 3832">
    <p class='ocr_par' dir='ltr' id='par_1_9' title="bbox 0 0 1138 3832">
     <span class='ocr_line' id='line_1_38' title="bbox 0 0 1138 3832; baseline 0 1"><span class='ocrx_word' id='word_1_271' title='bbox 0 0 1138 3832; x_wconf 95' lang='lat' dir='ltr'><strong> </strong></span> 
     </span>
    </p>
   </div>
  </div>
 </body>
</html>
