<?xml version="1.0" encoding="UTF-8"?>
<!DOCTYPE html PUBLIC "-//W3C//DTD XHTML 1.0 Transitional//EN"
    "http://www.w3.org/TR/xhtml1/DTD/xhtml1-transitional.dtd">
<html xmlns="http://www.w3.org/1999/xhtml" xml:lang="en" lang="en">
 <head>
  <title>
</title>
<meta http-equiv="Content-Type" content="text/html;charset=utf-8" />
  <meta name='ocr-system' content='tesseract 3.04.00' />
  <meta name='ocr-capabilities' content='ocr_page ocr_carea ocr_par ocr_line ocrx_word'/>
</head>
<body>
  <div class='ocr_page' id='page_1' title='image "./eutropiibreviar01crugoog_0175.png"; bbox 0 0 2266 3832; ppageno 0'>
   <div class='ocr_carea' id='block_1_1' title="bbox 71 199 716 262">
    <p class='ocr_par' dir='ltr' id='par_1_1' title="bbox 71 199 716 262">
     <span class='ocr_line' id='line_1_1' title="bbox 71 199 716 262; baseline -0.008 0"><span class='ocrx_word' id='word_1_1' title='bbox 71 199 113 262; x_wconf 77' lang='lat'><strong>62</strong></span> <span class='ocrx_word' id='word_1_2' title='bbox 431 209 535 259; x_wconf 78' lang='lat' dir='ltr'><strong>raoni</strong></span> <span class='ocrx_word' id='word_1_3' title='bbox 550 210 716 260; x_wconf 77' lang='lat' dir='ltr'><strong>narreris.</strong></span> 
     </span>
    </p>
   </div>
   <div class='ocr_carea' id='block_1_2' title="bbox 25 360 1108 2111">
    <p class='ocr_par' dir='ltr' id='par_1_2' title="bbox 25 360 1108 2111">
     <span class='ocr_line' id='line_1_2' title="bbox 71 360 1073 443; baseline -0.002 -15"><span class='ocrx_word' id='word_1_4' title='bbox 71 371 142 428; x_wconf 88' lang='lat' dir='ltr'><strong>erat</strong></span> <span class='ocrx_word' id='word_1_5' title='bbox 161 375 239 426; x_wconf 91' lang='lat' dir='ltr'><strong>tunc</strong></span> <span class='ocrx_word' id='word_1_6' title='bbox 263 361 384 427; x_wconf 80' lang='lat' dir='ltr'><strong>Caesar</strong></span> <span class='ocrx_word' id='word_1_7' title='bbox 405 360 582 425; x_wconf 82' lang='lat' dir='ltr'><strong>Ravennae</strong></span> <span class='ocrx_word' id='word_1_8' title='bbox 602 360 756 425; x_wconf 89' lang='lat' dir='ltr'><strong>dilectum</strong></span> <span class='ocrx_word' id='word_1_9' title='bbox 820 382 895 443; x_wconf 85' lang='lat' dir='ltr'><strong>ens,</strong></span> <span class='ocrx_word' id='word_1_10' title='bbox 918 370 952 426; x_wconf 88' lang='lat' dir='ltr'><strong>et</strong></span> <span class='ocrx_word' id='word_1_11' title='bbox 971 362 1073 427; x_wconf 89' lang='lat' dir='ltr'><strong>hieme</strong></span> 
     </span>
     <span class='ocr_line' id='line_1_3' title="bbox 43 442 1073 541; baseline -0.003 -29"><span class='ocrx_word' id='word_1_12' title='bbox 43 455 241 512; x_wconf 77' lang='lat' dir='ltr'><strong>creverant</strong></span> <span class='ocrx_word' id='word_1_13' title='bbox 263 443 380 527; x_wconf 83' lang='lat' dir='ltr'>Alpes:</span> <span class='ocrx_word' id='word_1_14' title='bbox 409 446 457 508; x_wconf 90' lang='lat' dir='ltr'><strong>sic</strong></span> <span class='ocrx_word' id='word_1_15' title='bbox 483 442 694 508; x_wconf 86' lang='lat' dir='ltr'><strong>interclusum</strong></span> <span class='ocrx_word' id='word_1_16' title='bbox 721 454 802 541; x_wconf 88' lang='lat' dir='ltr'><strong>puta</strong></span> <span class='ocrx_word' id='word_1_17' title='bbox 868 446 983 509; x_wconf 88' lang='lat' dir='ltr'><strong>titer.</strong></span> <span class='ocrx_word' id='word_1_18' title='bbox 1017 445 1073 509; x_wconf 91' lang='lat' dir='ltr'><strong>sed</strong></span> 
     </span>
     <span class='ocr_line' id='line_1_4' title="bbox 71 525 1073 616; baseline -0.003 -21"><span class='ocrx_word' id='word_1_19' title='bbox 71 529 136 612; x_wconf 91' lang='lat' dir='ltr'><strong>ille,</strong></span> <span class='ocrx_word' id='word_1_20' title='bbox 155 529 257 616; x_wconf 92' lang='lat' dir='ltr'><strong>qualis</strong></span> <span class='ocrx_word' id='word_1_21' title='bbox 275 536 343 591; x_wconf 84' lang='lat' dir='ltr'><strong>erat</strong></span> <span class='ocrx_word' id='word_1_22' title='bbox 362 527 404 590; x_wconf 91' lang='lat' dir='ltr'><strong>ad</strong></span> <span class='ocrx_word' id='word_1_23' title='bbox 419 528 567 591; x_wconf 91' lang='lat' dir='ltr'><strong>nuntium</strong></span> <span class='ocrx_word' id='word_1_24' title='bbox 580 527 629 590; x_wconf 87' lang='lat' dir='ltr'><strong>rei</strong></span> <span class='ocrx_word' id='word_1_25' title='bbox 648 525 857 592; x_wconf 82' lang='lat' dir='ltr'><strong>felicissimae</strong></span> <span class='ocrx_word' id='word_1_26' title='bbox 872 529 1073 610; x_wconf 80' lang='lat' dir='ltr'><strong>temeritatis,</strong></span> 
     </span>
     <span class='ocr_line' id='line_1_5' title="bbox 69 609 1073 759; baseline -0.004 -81"><span class='ocrx_word' id='word_1_27' title='bbox 69 636 129 700; x_wconf 91' lang='lat' dir='ltr'><strong>per</strong></span> <span class='ocrx_word' id='word_1_28' title='bbox 142 614 247 676; x_wconf 88' lang='lat' dir='ltr'><strong>invios</strong></span> <span class='ocrx_word' id='word_1_29' title='bbox 264 611 307 674; x_wconf 91' lang='lat' dir='ltr'><strong>ad</strong></span> <span class='ocrx_word' id='word_1_30' title='bbox 325 611 360 674; x_wconf 91' lang='lat' dir='ltr'><strong>id</strong></span> <span class='ocrx_word' id='word_1_31' title='bbox 375 620 501 757; x_wconf 62' lang='lat' dir='ltr'><strong>temdpus</strong></span> <span class='ocrx_word' id='word_1_32' title='bbox 516 610 674 673; x_wconf 91' lang='lat' dir='ltr'><strong>montium</strong></span> <span class='ocrx_word' id='word_1_33' title='bbox 689 609 840 692; x_wconf 87' lang='lat' dir='ltr'><strong>tumulos,</strong></span> <span class='ocrx_word' id='word_1_34' title='bbox 835 612 1073 759; x_wconf 57' lang='lat' dir='ltr'><strong>,ffiminm</strong></span> 
     </span>
     <span class='ocr_line' id='line_1_6' title="bbox 70 694 1095 779; baseline -0.007 -20"><span class='ocrx_word' id='word_1_35' title='bbox 70 698 141 759; x_wconf 88' lang='lat' dir='ltr'><strong>vias</strong></span> <span class='ocrx_word' id='word_1_36' title='bbox 164 706 195 759; x_wconf 91' lang='lat' dir='ltr'><strong>et</strong></span> <span class='ocrx_word' id='word_1_37' title='bbox 216 696 319 774; x_wconf 88' lang='lat' dir='ltr'><strong>nives,</strong></span> <span class='ocrx_word' id='word_1_38' title='bbox 342 716 425 779; x_wconf 82' lang='lat' dir='ltr'>expe</span> <span class='ocrx_word' id='word_1_39' title='bbox 461 703 495 757; x_wconf 90' lang='lat' dir='ltr'><strong>ta</strong></span> <span class='ocrx_word' id='word_1_40' title='bbox 511 715 611 757; x_wconf 87' lang='lat' dir='ltr'><strong>manu</strong></span> <span class='ocrx_word' id='word_1_41' title='bbox 632 694 835 759; x_wconf 82' lang='lat' dir='ltr'><strong>emensnsG</strong></span> <span class='ocrx_word' id='word_1_42' title='bbox 883 696 891 710; x_wconf 86' lang='lat'>&#39;</span> <span class='ocrx_word' id='word_1_43' title='bbox 948 702 1014 776; x_wconf 85' lang='lat' dir='ltr'><strong>,ot</strong></span> <span class='ocrx_word' id='word_1_44' title='bbox 1035 712 1095 759; x_wconf 80' lang='lat' dir='ltr'><strong>exs</strong></span> 
     </span>
     <span class='ocr_line' id='line_1_7' title="bbox 71 776 1076 858; baseline -0.001 -15"><span class='ocrx_word' id='word_1_45' title='bbox 71 779 266 843; x_wconf 86' lang='lat' dir='ltr'><strong>distantibus</strong></span> <span class='ocrx_word' id='word_1_46' title='bbox 284 776 428 841; x_wconf 86' lang='lat' dir='ltr'><strong>hibernis</strong></span> <span class='ocrx_word' id='word_1_47' title='bbox 450 786 556 841; x_wconf 87' lang='lat' dir='ltr'><strong>castra</strong></span> <span class='ocrx_word' id='word_1_48' title='bbox 576 777 747 858; x_wconf 79' lang='lat' dir='ltr'><strong>contraxit,</strong></span> <span class='ocrx_word' id='word_1_49' title='bbox 768 785 894 843; x_wconf 82' lang='lat' dir='ltr'><strong>etanta</strong></span> <span class='ocrx_word' id='word_1_50' title='bbox 915 778 953 841; x_wconf 91' lang='lat' dir='ltr'><strong>in</strong></span> <span class='ocrx_word' id='word_1_51' title='bbox 968 777 1076 842; x_wconf 88' lang='lat' dir='ltr'><strong>media</strong></span> 
     </span>
     <span class='ocr_line' id='line_1_8' title="bbox 25 859 1077 959; baseline 0.001 -36"><span class='ocrx_word' id='word_1_52' title='bbox 25 871 60 923; x_wconf 80' lang='lat'><strong>23</strong></span> <span class='ocrx_word' id='word_1_53' title='bbox 71 861 179 927; x_wconf 82' lang='lat' dir='ltr'><strong>Gallia</strong></span> <span class='ocrx_word' id='word_1_54' title='bbox 195 862 266 942; x_wconf 92' lang='lat' dir='ltr'><strong>fuit,</strong></span> <span class='ocrx_word' id='word_1_55' title='bbox 286 883 381 946; x_wconf 90' lang='lat' dir='ltr'><strong>quam</strong></span> <span class='ocrx_word' id='word_1_56' title='bbox 401 859 443 924; x_wconf 90' lang='lat' dir='ltr'><strong>ab</strong></span> <span class='ocrx_word' id='word_1_57' title='bbox 464 859 578 923; x_wconf 87' lang='lat' dir='ltr'><strong>ultima</strong></span> <span class='ocrx_word' id='word_1_58' title='bbox 593 860 769 923; x_wconf 81' lang='lat' dir='ltr'><strong>timeretur.</strong></span> <span class='ocrx_word' id='word_1_59' title='bbox 797 869 866 925; x_wconf 93' lang='lat' dir='ltr'><strong>tum</strong></span> <span class='ocrx_word' id='word_1_60' title='bbox 879 862 954 946; x_wconf 89' lang='lat' dir='ltr'><strong>ipsa</strong></span> <span class='ocrx_word' id='word_1_61' title='bbox 970 862 1077 959; x_wconf 88' lang='lat' dir='ltr'><strong>capita</strong></span> 
     </span>
     <span class='ocr_line' id='line_1_9' title="bbox 69 942 1076 1029; baseline 0 -20"><span class='ocrx_word' id='word_1_62' title='bbox 69 944 148 1009; x_wconf 89' lang='lat' dir='ltr'><strong>belli</strong></span> <span class='ocrx_word' id='word_1_63' title='bbox 175 945 348 1027; x_wconf 87' lang='lat' dir='ltr'><strong>adgressus</strong></span> <span class='ocrx_word' id='word_1_64' title='bbox 369 943 481 1023; x_wconf 90' lang='lat' dir='ltr'><strong>urbcs,</strong></span> <span class='ocrx_word' id='word_1_65' title='bbox 509 943 686 1007; x_wconf 82' lang='lat' dir='ltr'><strong>Avaricum</strong></span> <span class='ocrx_word' id='word_1_66' title='bbox 714 942 931 1029; x_wconf 86' lang='lat' dir='ltr'><strong>quadraginta</strong></span> <span class='ocrx_word' id='word_1_67' title='bbox 951 944 1076 1009; x_wconf 84' lang='lat' dir='ltr'><strong>milium</strong></span> 
     </span>
     <span class='ocr_line' id='line_1_10' title="bbox 69 1024 1074 1114; baseline 0 -22"><span class='ocrx_word' id='word_1_68' title='bbox 69 1028 342 1114; x_wconf 82' lang='lat' dir='ltr'><strong>propugnantium</strong></span> <span class='ocrx_word' id='word_1_69' title='bbox 355 1024 518 1113; x_wconf 86' lang='lat' dir='ltr'><strong>[sustulit],</strong></span> <span class='ocrx_word' id='word_1_70' title='bbox 534 1025 680 1090; x_wconf 83' lang='lat' dir='ltr'><strong>Alesiam</strong></span> <span class='ocrx_word' id='word_1_71' title='bbox 697 1025 908 1092; x_wconf 88' lang='lat' dir='ltr'><strong>ducentorum</strong></span> <span class='ocrx_word' id='word_1_72' title='bbox 918 1028 1074 1113; x_wconf 88' lang='lat' dir='ltr'><strong>quinqua·</strong></span> 
     </span>
     <span class='ocr_line' id='line_1_11' title="bbox 71 1108 1103 1197; baseline -0.001 -23"><span class='ocrx_word' id='word_1_73' title='bbox 71 1113 162 1196; x_wconf 83' lang='lat' dir='ltr'><strong>ginta</strong></span> <span class='ocrx_word' id='word_1_74' title='bbox 181 1110 305 1174; x_wconf 90' lang='lat' dir='ltr'><strong>milium</strong></span> <span class='ocrx_word' id='word_1_75' title='bbox 325 1111 493 1174; x_wconf 88' lang='lat' dir='ltr'><strong>iuventute</strong></span> <span class='ocrx_word' id='word_1_76' title='bbox 515 1108 688 1173; x_wconf 82' lang='lat' dir='ltr'><strong>subnixam</strong></span> <span class='ocrx_word' id='word_1_77' title='bbox 707 1108 844 1173; x_wconf 88' lang='lat' dir='ltr'><strong>flammis</strong></span> <span class='ocrx_word' id='word_1_78' title='bbox 866 1111 1103 1197; x_wconf 77' lang='lat' dir='ltr'><strong>adaequavittt</strong></span> 
     </span>
     <span class='ocr_line' id='line_1_12' title="bbox 28 1192 1075 1279; baseline 0 -22"><span class='ocrx_word' id='word_1_79' title='bbox 28 1217 63 1265; x_wconf 82' lang='lat'><strong>24</strong></span> <span class='ocrx_word' id='word_1_80' title='bbox 72 1197 158 1258; x_wconf 89' lang='lat' dir='ltr'><strong>circa</strong></span> <span class='ocrx_word' id='word_1_81' title='bbox 186 1194 384 1279; x_wconf 79' lang='lat' dir='ltr'><strong>Gergoviam</strong></span> <span class='ocrx_word' id='word_1_82' title='bbox 410 1195 633 1257; x_wconf 90' lang='lat' dir='ltr'><strong>Arvernorum</strong></span> <span class='ocrx_word' id='word_1_83' title='bbox 668 1202 737 1256; x_wconf 89' lang='lat' dir='ltr'><strong>tota</strong></span> <span class='ocrx_word' id='word_1_84' title='bbox 763 1192 843 1257; x_wconf 89' lang='lat' dir='ltr'><strong>belli</strong></span> <span class='ocrx_word' id='word_1_85' title='bbox 870 1194 975 1259; x_wconf 90' lang='lat' dir='ltr'><strong>moles</strong></span> <span class='ocrx_word' id='word_1_86' title='bbox 1003 1194 1075 1259; x_wconf 79' lang='lat' dir='ltr'><strong>fuit.</strong></span> 
     </span>
     <span class='ocr_line' id='line_1_13' title="bbox 72 1276 1076 1376; baseline -0.001 -36"><span class='ocrx_word' id='word_1_87' title='bbox 72 1281 190 1376; x_wconf 68' lang='lat' dir='ltr'><strong>quippe</strong></span> <span class='ocrx_word' id='word_1_88' title='bbox 207 1301 280 1342; x_wconf 90' lang='lat' dir='ltr'><strong>cum</strong></span> <span class='ocrx_word' id='word_1_89' title='bbox 303 1278 466 1362; x_wconf 88' lang='lat' dir='ltr'><strong>octoginta</strong></span> <span class='ocrx_word' id='word_1_90' title='bbox 487 1276 578 1339; x_wconf 88' lang='lat' dir='ltr'><strong>milia</strong></span> <span class='ocrx_word' id='word_1_91' title='bbox 599 1297 691 1340; x_wconf 91' lang='lat' dir='ltr'><strong>muro</strong></span> <span class='ocrx_word' id='word_1_92' title='bbox 713 1285 745 1340; x_wconf 91' lang='lat' dir='ltr'><strong>et</strong></span> <span class='ocrx_word' id='word_1_93' title='bbox 769 1297 845 1342; x_wconf 86' lang='lat' dir='ltr'><strong>arce</strong></span> <span class='ocrx_word' id='word_1_94' title='bbox 873 1285 906 1342; x_wconf 89' lang='lat' dir='ltr'><strong>et</strong></span> <span class='ocrx_word' id='word_1_95' title='bbox 927 1276 1076 1363; x_wconf 72' lang='lat' dir='ltr'><strong>abruptis</strong></span> 
     </span>
     <span class='ocr_line' id='line_1_14' title="bbox 26 1360 1077 1447; baseline -0.001 -22"><span class='ocrx_word' id='word_1_96' title='bbox 26 1388 60 1438; x_wconf 84' lang='lat'><strong>25</strong></span> <span class='ocrx_word' id='word_1_97' title='bbox 70 1384 150 1447; x_wconf 87' lang='lat' dir='ltr'><strong>r1p1s</strong></span> <span class='ocrx_word' id='word_1_98' title='bbox 169 1362 380 1426; x_wconf 82' lang='lat' dir='ltr'><strong>defenderent</strong></span> <span class='ocrx_word' id='word_1_99' title='bbox 410 1361 584 1423; x_wconf 83' lang='lat' dir='ltr'><strong>maximam</strong></span> <span class='ocrx_word' id='word_1_100' title='bbox 603 1360 872 1441; x_wconf 87' lang='lat' dir='ltr'><strong>civitatem,vallo</strong></span> <span class='ocrx_word' id='word_1_101' title='bbox 889 1360 1027 1426; x_wconf 89' lang='lat' dir='ltr'><strong>sudibus</strong></span> <span class='ocrx_word' id='word_1_102' title='bbox 1046 1370 1077 1424; x_wconf 92' lang='lat' dir='ltr'><strong>et</strong></span> 
     </span>
     <span class='ocr_line' id='line_1_15' title="bbox 70 1441 1076 1531; baseline -0.001 -23"><span class='ocrx_word' id='word_1_103' title='bbox 70 1445 160 1510; x_wconf 88' lang='lat' dir='ltr'><strong>fossa</strong></span> <span class='ocrx_word' id='word_1_104' title='bbox 175 1447 371 1531; x_wconf 89' lang='lat' dir='ltr'><strong>inductoque</strong></span> <span class='ocrx_word' id='word_1_105' title='bbox 391 1445 497 1509; x_wconf 87' lang='lat' dir='ltr'><strong>fossae</strong></span> <span class='ocrx_word' id='word_1_106' title='bbox 515 1442 655 1524; x_wconf 91' lang='lat' dir='ltr'><strong>flumine,</strong></span> <span class='ocrx_word' id='word_1_107' title='bbox 678 1443 720 1506; x_wconf 90' lang='lat' dir='ltr'><strong>ad</strong></span> <span class='ocrx_word' id='word_1_108' title='bbox 740 1441 802 1508; x_wconf 85' lang='lat' dir='ltr'><strong>hoc</strong></span> <span class='ocrx_word' id='word_1_109' title='bbox 821 1443 934 1509; x_wconf 87' lang='lat' dir='ltr'><strong>decem</strong></span> <span class='ocrx_word' id='word_1_110' title='bbox 955 1453 989 1509; x_wconf 88' lang='lat' dir='ltr'><strong>et</strong></span> <span class='ocrx_word' id='word_1_111' title='bbox 1003 1444 1076 1509; x_wconf 79' lang='lat' dir='ltr'><strong>octo</strong></span> 
     </span>
     <span class='ocr_line' id='line_1_16' title="bbox 71 1525 1106 1613; baseline -0.001 -21"><span class='ocrx_word' id='word_1_112' title='bbox 71 1528 213 1592; x_wconf 79' lang='lat' dir='ltr'><strong>castellis</strong></span> <span class='ocrx_word' id='word_1_113' title='bbox 234 1529 421 1613; x_wconf 86' lang='lat' dir='ltr'><strong>ingentique</strong></span> <span class='ocrx_word' id='word_1_114' title='bbox 441 1527 541 1592; x_wconf 88' lang='lat' dir='ltr'><strong>lorica</strong></span> <span class='ocrx_word' id='word_1_115' title='bbox 566 1525 798 1589; x_wconf 79' lang='lat' dir='ltr'><strong>circumdatam</strong></span> <span class='ocrx_word' id='word_1_116' title='bbox 824 1527 966 1612; x_wconf 89' lang='lat' dir='ltr'><strong>primum</strong></span> <span class='ocrx_word' id='word_1_117' title='bbox 990 1527 1106 1591; x_wconf 76' lang='lat' dir='ltr'><strong>fame¹⁵</strong></span> 
     </span>
     <span class='ocr_line' id='line_1_17' title="bbox 71 1610 1076 1697; baseline -0.001 -23"><span class='ocrx_word' id='word_1_118' title='bbox 71 1611 210 1692; x_wconf 86' lang='lat' dir='ltr'><strong>domuit,</strong></span> <span class='ocrx_word' id='word_1_119' title='bbox 242 1633 320 1675; x_wconf 91' lang='lat' dir='ltr'><strong>mox</strong></span> <span class='ocrx_word' id='word_1_120' title='bbox 350 1611 524 1674; x_wconf 89' lang='lat' dir='ltr'><strong>audentem</strong></span> <span class='ocrx_word' id='word_1_121' title='bbox 558 1610 743 1693; x_wconf 87' lang='lat' dir='ltr'><strong>eruptiones</strong></span> <span class='ocrx_word' id='word_1_122' title='bbox 776 1611 812 1672; x_wconf 90' lang='lat' dir='ltr'><strong>in</strong></span> <span class='ocrx_word' id='word_1_123' title='bbox 837 1610 926 1675; x_wconf 82' lang='lat' dir='ltr'><strong>vallo</strong></span> <span class='ocrx_word' id='word_1_124' title='bbox 954 1611 1076 1697; x_wconf 86' lang='lat' dir='ltr'><strong>gladiis</strong></span> 
     </span>
     <span class='ocr_line' id='line_1_18' title="bbox 71 1692 1075 1779; baseline 0.004 -24"><span class='ocrx_word' id='word_1_125' title='bbox 71 1693 268 1779; x_wconf 89' lang='lat' dir='ltr'><strong>sudibusque</strong></span> <span class='ocrx_word' id='word_1_126' title='bbox 290 1693 446 1774; x_wconf 86' lang='lat' dir='ltr'><strong>concidit,</strong></span> <span class='ocrx_word' id='word_1_127' title='bbox 467 1693 646 1755; x_wconf 86' lang='lat' dir='ltr'><strong>novissime</strong></span> <span class='ocrx_word' id='word_1_128' title='bbox 665 1693 701 1756; x_wconf 92' lang='lat' dir='ltr'><strong>in</strong></span> <span class='ocrx_word' id='word_1_129' title='bbox 720 1692 918 1758; x_wconf 89' lang='lat' dir='ltr'><strong>deditionem</strong></span> <span class='ocrx_word' id='word_1_130' title='bbox 935 1694 1075 1779; x_wconf 83' lang='lat' dir='ltr'><strong>redegit.</strong></span> 
     </span>
     <span class='ocr_line' id='line_1_19' title="bbox 30 1775 1076 1862; baseline -0.001 -20"><span class='ocrx_word' id='word_1_131' title='bbox 30 1777 142 1860; x_wconf 70' lang='lat' dir='ltr'><strong>aoipse</strong></span> <span class='ocrx_word' id='word_1_132' title='bbox 162 1775 217 1840; x_wconf 92' lang='lat' dir='ltr'><strong>ille</strong></span> <span class='ocrx_word' id='word_1_133' title='bbox 237 1799 311 1858; x_wconf 90' lang='lat' dir='ltr'><strong>rex,</strong></span> <span class='ocrx_word' id='word_1_134' title='bbox 333 1777 511 1840; x_wconf 86' lang='lat' dir='ltr'><strong>maximum</strong></span> <span class='ocrx_word' id='word_1_135' title='bbox 531 1777 688 1841; x_wconf 85' lang='lat' dir='ltr'><strong>victoriae</strong></span> <span class='ocrx_word' id='word_1_136' title='bbox 708 1775 821 1857; x_wconf 87' lang='lat' dir='ltr'><strong>decus,</strong></span> <span class='ocrx_word' id='word_1_137' title='bbox 840 1777 980 1862; x_wconf 89' lang='lat' dir='ltr'><strong>supplex</strong></span> <span class='ocrx_word' id='word_1_138' title='bbox 1002 1799 1076 1841; x_wconf 92' lang='lat' dir='ltr'><strong>cum</strong></span> 
     </span>
     <span class='ocr_line' id='line_1_20' title="bbox 70 1858 1077 1946; baseline 0.003 -24"><span class='ocrx_word' id='word_1_139' title='bbox 70 1860 105 1922; x_wconf 90' lang='lat' dir='ltr'><strong>in</strong></span> <span class='ocrx_word' id='word_1_140' title='bbox 124 1869 230 1924; x_wconf 87' lang='lat' dir='ltr'><strong>castra</strong></span> <span class='ocrx_word' id='word_1_141' title='bbox 247 1861 400 1942; x_wconf 86' lang='lat' dir='ltr'><strong>venisset,</strong></span> <span class='ocrx_word' id='word_1_142' title='bbox 421 1880 538 1946; x_wconf 90' lang='lat' dir='ltr'><strong>equum</strong></span> <span class='ocrx_word' id='word_1_143' title='bbox 557 1869 588 1923; x_wconf 92' lang='lat' dir='ltr'><strong>et</strong></span> <span class='ocrx_word' id='word_1_144' title='bbox 626 1858 753 1923; x_wconf 90' lang='lat' dir='ltr'><strong>haleras</strong></span> <span class='ocrx_word' id='word_1_145' title='bbox 770 1867 802 1923; x_wconf 89' lang='lat' dir='ltr'><strong>et</strong></span> <span class='ocrx_word' id='word_1_146' title='bbox 815 1880 874 1925; x_wconf 89' lang='lat' dir='ltr'><strong>sua</strong></span> <span class='ocrx_word' id='word_1_147' title='bbox 891 1881 983 1925; x_wconf 88' lang='lat' dir='ltr'><strong>arma</strong></span> <span class='ocrx_word' id='word_1_148' title='bbox 1000 1869 1077 1926; x_wconf 85' lang='lat' dir='ltr'><strong>anto</strong></span> 
     </span>
     <span class='ocr_line' id='line_1_21' title="bbox 73 1882 1108 2044; baseline -0.004 -36"><span class='ocrx_word' id='word_1_149' title='bbox 73 1941 222 2008; x_wconf 80' lang='lat' dir='ltr'><strong>Caesaris</strong></span> <span class='ocrx_word' id='word_1_150' title='bbox 244 1965 351 2029; x_wconf 87' lang='lat' dir='ltr'><strong>genua</strong></span> <span class='ocrx_word' id='word_1_151' title='bbox 363 1943 508 2044; x_wconf 86' lang='lat' dir='ltr'><strong>proiecit.</strong></span> <span class='ocrx_word' id='word_1_152' title='bbox 543 1882 664 2007; x_wconf 67' lang='lat' dir='ltr'><strong>‘heffat</strong></span> <span class='ocrx_word' id='word_1_153' title='bbox 686 1943 791 2028; x_wconf 88' lang='lat' dir='ltr'><strong>inquit</strong></span> <span class='ocrx_word' id='word_1_154' title='bbox 811 1942 940 2008; x_wconf 78' lang='lat' dir='ltr'><strong>‘fortem</strong></span> <span class='ocrx_word' id='word_1_155' title='bbox 955 1944 1108 2027; x_wconf 82' lang='lat' dir='ltr'><strong>virum,2o</strong></span> 
     </span>
     <span class='ocr_line' id='line_1_22' title="bbox 71 2027 478 2111; baseline 0.01 -22"><span class='ocrx_word' id='word_1_156' title='bbox 71 2027 123 2090; x_wconf 91' lang='lat' dir='ltr'><strong>vir</strong></span> <span class='ocrx_word' id='word_1_157' title='bbox 144 2027 327 2111; x_wconf 86' lang='lat' dir='ltr'><strong>fortissime,</strong></span> <span class='ocrx_word' id='word_1_158' title='bbox 349 2029 478 2093; x_wconf 58' lang='lat' dir='ltr'><strong>tacisti?</strong></span> 
     </span>
    </p>
   </div>
   <div class='ocr_carea' id='block_1_3' title="bbox 255 2158 887 2226">
    <p class='ocr_par' dir='ltr' id='par_1_3' title="bbox 255 2158 887 2226">
     <span class='ocr_line' id='line_1_23' title="bbox 255 2158 887 2226; baseline -0.002 -1"><span class='ocrx_word' id='word_1_159' title='bbox 255 2160 378 2226; x_wconf 85' lang='lat' dir='ltr'>XLVI.</span> <span class='ocrx_word' id='word_1_160' title='bbox 405 2158 590 2226; x_wconf 82' lang='lat' dir='ltr'>BELLVM</span> <span class='ocrx_word' id='word_1_161' title='bbox 609 2161 887 2226; x_wconf 80' lang='lat' dir='ltr'><strong>PARTHIGVM.</strong></span> 
     </span>
    </p>
   </div>
   <div class='ocr_carea' id='block_1_4' title="bbox 1 2279 1110 3512">
    <p class='ocr_par' dir='ltr' id='par_1_4' title="bbox 1 2279 1109 2532">
     <span class='ocr_line' id='line_1_24' title="bbox 1 2279 1077 2364; baseline 0.006 -27"><span class='ocrx_word' id='word_1_162' title='bbox 1 2280 101 2358; x_wconf 90' lang='lat' dir='ltr'><strong>111,ll</strong></span> <span class='ocrx_word' id='word_1_163' title='bbox 155 2279 243 2342; x_wconf 90' lang='lat' dir='ltr'><strong>Dum</strong></span> <span class='ocrx_word' id='word_1_164' title='bbox 266 2279 377 2345; x_wconf 79' lang='lat' dir='ltr'><strong>Gallos</strong></span> <span class='ocrx_word' id='word_1_165' title='bbox 399 2302 457 2364; x_wconf 89' lang='lat' dir='ltr'><strong>per</strong></span> <span class='ocrx_word' id='word_1_166' title='bbox 479 2279 651 2344; x_wconf 78' lang='lat' dir='ltr'><strong>Caesarem</strong></span> <span class='ocrx_word' id='word_1_167' title='bbox 671 2279 706 2342; x_wconf 92' lang='lat' dir='ltr'><strong>in</strong></span> <span class='ocrx_word' id='word_1_168' title='bbox 728 2280 944 2364; x_wconf 87' lang='lat' dir='ltr'><strong>septentrione</strong></span> <span class='ocrx_word' id='word_1_169' title='bbox 966 2279 1077 2344; x_wconf 90' lang='lat' dir='ltr'><strong>debel-</strong></span> 
     </span>
     <span class='ocr_line' id='line_1_25' title="bbox 73 2361 1076 2446; baseline 0.002 -22"><span class='ocrx_word' id='word_1_170' title='bbox 73 2361 132 2442; x_wconf 92' lang='lat' dir='ltr'><strong>lat,</strong></span> <span class='ocrx_word' id='word_1_171' title='bbox 160 2363 230 2446; x_wconf 91' lang='lat' dir='ltr'><strong>ipse</strong></span> <span class='ocrx_word' id='word_1_172' title='bbox 251 2364 381 2427; x_wconf 91' lang='lat' dir='ltr'><strong>interim</strong></span> <span class='ocrx_word' id='word_1_173' title='bbox 401 2361 617 2427; x_wconf 89' lang='lat' dir='ltr'><strong>adorientem</strong></span> <span class='ocrx_word' id='word_1_174' title='bbox 637 2384 739 2446; x_wconf 90' lang='lat' dir='ltr'><strong>grave</strong></span> <span class='ocrx_word' id='word_1_175' title='bbox 761 2361 878 2428; x_wconf 88' lang='lat' dir='ltr'><strong>volnus</strong></span> <span class='ocrx_word' id='word_1_176' title='bbox 900 2383 921 2425; x_wconf 89' lang='lat' dir='ltr'><strong>a</strong></span> <span class='ocrx_word' id='word_1_177' title='bbox 942 2361 1076 2427; x_wconf 87' lang='lat' dir='ltr'><strong>Parthis</strong></span> 
     </span>
     <span class='ocr_line' id='line_1_26' title="bbox 70 2443 1109 2532; baseline 0.001 -25"><span class='ocrx_word' id='word_1_178' title='bbox 70 2443 208 2528; x_wconf 91' lang='lat' dir='ltr'><strong>populus</strong></span> <span class='ocrx_word' id='word_1_179' title='bbox 230 2446 392 2509; x_wconf 88' lang='lat' dir='ltr'><strong>Romanus</strong></span> <span class='ocrx_word' id='word_1_180' title='bbox 412 2466 488 2508; x_wconf 86' lang='lat' dir='ltr'><strong>acce</strong></span> <span class='ocrx_word' id='word_1_181' title='bbox 513 2447 547 2508; x_wconf 81' lang='lat' dir='ltr'><strong>‘t</strong></span> <span class='ocrx_word' id='word_1_182' title='bbox 582 2466 648 2510; x_wconf 85' lang='lat' dir='ltr'><strong>nec</strong></span> <span class='ocrx_word' id='word_1_183' title='bbox 674 2445 714 2509; x_wconf 88' lang='lat' dir='ltr'><strong>de</strong></span> <span class='ocrx_word' id='word_1_184' title='bbox 736 2447 868 2510; x_wconf 84' lang='lat' dir='ltr'><strong>fortuna</strong></span> <span class='ocrx_word' id='word_1_185' title='bbox 888 2446 981 2531; x_wconf 88' lang='lat' dir='ltr'><strong>queri</strong></span> <span class='ocrx_word' id='word_1_186' title='bbox 1000 2463 1109 2532; x_wconf 77' lang='lat' dir='ltr'><strong>pos-²5</strong></span> 
     </span>
    </p>

    <p class='ocr_par' dir='ltr' id='par_1_5' title="bbox 45 2467 1110 3512">
     <span class='ocr_line' id='line_1_27' title="bbox 46 2467 1076 2609; baseline 0.004 -20"><span class='ocrx_word' id='word_1_187' title='bbox 46 2547 198 2609; x_wconf 74' lang='lat' dir='ltr'><strong>asumus3</strong></span> <span class='ocrx_word' id='word_1_188' title='bbox 221 2537 310 2591; x_wconf 87' lang='lat' dir='ltr'><strong>caret</strong></span> <span class='ocrx_word' id='word_1_189' title='bbox 331 2527 451 2592; x_wconf 87' lang='lat' dir='ltr'><strong>solacio</strong></span> <span class='ocrx_word' id='word_1_190' title='bbox 473 2467 593 2593; x_wconf 77' lang='lat' dir='ltr'><strong>cfades.</strong></span> <span class='ocrx_word' id='word_1_191' title='bbox 627 2530 774 2594; x_wconf 90' lang='lat' dir='ltr'><strong>adversis</strong></span> <span class='ocrx_word' id='word_1_192' title='bbox 797 2539 830 2593; x_wconf 89' lang='lat' dir='ltr'><strong>et</strong></span> <span class='ocrx_word' id='word_1_193' title='bbox 848 2529 898 2593; x_wconf 90' lang='lat' dir='ltr'><strong>dis</strong></span> <span class='ocrx_word' id='word_1_194' title='bbox 920 2538 953 2593; x_wconf 92' lang='lat' dir='ltr'><strong>et</strong></span> <span class='ocrx_word' id='word_1_195' title='bbox 972 2529 1076 2594; x_wconf 90' lang='lat' dir='ltr'><strong>homi-</strong></span> 
     </span>
     <span class='ocr_line' id='line_1_28' title="bbox 71 2609 1078 2694; baseline 0.004 -21"><span class='ocrx_word' id='word_1_196' title='bbox 71 2609 167 2674; x_wconf 90' lang='lat' dir='ltr'><strong>nibus</strong></span> <span class='ocrx_word' id='word_1_197' title='bbox 194 2632 234 2674; x_wconf 89' lang='lat' dir='ltr'><strong>cu</strong></span> <span class='ocrx_word' id='word_1_198' title='bbox 257 2611 354 2674; x_wconf 91' lang='lat' dir='ltr'><strong>iditas</strong></span> <span class='ocrx_word' id='word_1_199' title='bbox 383 2611 524 2676; x_wconf 86' lang='lat' dir='ltr'><strong>consulis</strong></span> <span class='ocrx_word' id='word_1_200' title='bbox 547 2613 673 2694; x_wconf 80' lang='lat' dir='ltr'><strong>Crassi,</strong></span> <span class='ocrx_word' id='word_1_201' title='bbox 700 2612 776 2677; x_wconf 92' lang='lat' dir='ltr'><strong>dum</strong></span> <span class='ocrx_word' id='word_1_202' title='bbox 797 2612 949 2677; x_wconf 89' lang='lat' dir='ltr'><strong>Parthico</strong></span> <span class='ocrx_word' id='word_1_203' title='bbox 970 2612 1078 2677; x_wconf 87' lang='lat' dir='ltr'><strong>inhiat</strong></span> 
     </span>
     <span class='ocr_line' id='line_1_29' title="bbox 72 2633 1078 2782; baseline 0.006 -27"><span class='ocrx_word' id='word_1_204' title='bbox 72 2713 160 2775; x_wconf 90' lang='lat' dir='ltr'><strong>auro,</strong></span> <span class='ocrx_word' id='word_1_205' title='bbox 181 2633 331 2758; x_wconf 76' lang='lat' dir='ltr'><strong>undbeim</strong></span> <span class='ocrx_word' id='word_1_206' title='bbox 346 2704 412 2758; x_wconf 89' lang='lat' dir='ltr'><strong>stra</strong></span> <span class='ocrx_word' id='word_1_207' title='bbox 437 2717 454 2758; x_wconf 88' lang='lat' dir='ltr'><strong>e</strong></span> <span class='ocrx_word' id='word_1_208' title='bbox 470 2695 634 2780; x_wconf 91' lang='lat' dir='ltr'><strong>legionum</strong></span> <span class='ocrx_word' id='word_1_209' title='bbox 653 2706 684 2760; x_wconf 88' lang='lat' dir='ltr'><strong>ct</strong></span> <span class='ocrx_word' id='word_1_210' title='bbox 701 2697 803 2780; x_wconf 91' lang='lat' dir='ltr'><strong>ipsius</strong></span> <span class='ocrx_word' id='word_1_211' title='bbox 818 2697 924 2782; x_wconf 90' lang='lat' dir='ltr'><strong>capite</strong></span> <span class='ocrx_word' id='word_1_212' title='bbox 940 2695 1078 2761; x_wconf 81' lang='lat' dir='ltr'><strong>multata</strong></span> 
     </span>
     <span class='ocr_line' id='line_1_30' title="bbox 46 2717 1076 2863; baseline 0.003 -24"><span class='ocrx_word' id='word_1_213' title='bbox 46 2785 130 2848; x_wconf 86' lang='lat' dir='ltr'><strong>3est.</strong></span> <span class='ocrx_word' id='word_1_214' title='bbox 154 2787 185 2840; x_wconf 86' lang='lat' dir='ltr'><strong>et</strong></span> <span class='ocrx_word' id='word_1_215' title='bbox 196 2776 344 2842; x_wconf 90' lang='lat' dir='ltr'><strong>tribunus</strong></span> <span class='ocrx_word' id='word_1_216' title='bbox 361 2717 449 2863; x_wconf 66' lang='lat' dir='ltr'><strong>plebi</strong></span> <span class='ocrx_word' id='word_1_217' title='bbox 459 2779 574 2844; x_wconf 89' lang='lat' dir='ltr'><strong>Ateius</strong></span> <span class='ocrx_word' id='word_1_218' title='bbox 590 2789 761 2845; x_wconf 90' lang='lat' dir='ltr'><strong>exeuntem</strong></span> <span class='ocrx_word' id='word_1_219' title='bbox 775 2780 889 2845; x_wconf 90' lang='lat' dir='ltr'><strong>ducem</strong></span> <span class='ocrx_word' id='word_1_220' title='bbox 902 2778 1076 2845; x_wconf 88' lang='lat' dir='ltr'><strong>hostilibus</strong></span> 
     </span>
     <span class='ocr_line' id='line_1_31' title="bbox 73 2859 1110 2945; baseline 0.004 -23"><span class='ocrx_word' id='word_1_221' title='bbox 73 2859 152 2923; x_wconf 90' lang='lat' dir='ltr'><strong>diris</strong></span> <span class='ocrx_word' id='word_1_222' title='bbox 173 2861 363 2943; x_wconf 87' lang='lat' dir='ltr'><strong>devoverat,</strong></span> <span class='ocrx_word' id='word_1_223' title='bbox 393 2870 425 2925; x_wconf 91' lang='lat' dir='ltr'><strong>et</strong></span> <span class='ocrx_word' id='word_1_224' title='bbox 452 2884 525 2926; x_wconf 88' lang='lat' dir='ltr'><strong>cum</strong></span> <span class='ocrx_word' id='word_1_225' title='bbox 545 2864 593 2928; x_wconf 90' lang='lat' dir='ltr'><strong>Ze</strong></span> <span class='ocrx_word' id='word_1_226' title='bbox 638 2885 691 2926; x_wconf 89' lang='lat' dir='ltr'><strong>ma</strong></span> <span class='ocrx_word' id='word_1_227' title='bbox 710 2864 881 2928; x_wconf 88' lang='lat' dir='ltr'><strong>transisset</strong></span> <span class='ocrx_word' id='word_1_228' title='bbox 901 2864 1074 2945; x_wconf 90' lang='lat' dir='ltr'><strong>exercitus,</strong></span> <span class='ocrx_word' id='word_1_229' title='bbox 1084 2874 1110 2915; x_wconf 85' lang='lat'><strong>³⁰</strong></span> 
     </span>
     <span class='ocr_line' id='line_1_32' title="bbox 46 2942 1076 3045; baseline 0.006 -41"><span class='ocrx_word' id='word_1_230' title='bbox 46 2952 166 3028; x_wconf 79' lang='lat' dir='ltr'><strong>4rapta</strong></span> <span class='ocrx_word' id='word_1_231' title='bbox 182 2943 296 3008; x_wconf 87' lang='lat' dir='ltr'><strong>subitis</strong></span> <span class='ocrx_word' id='word_1_232' title='bbox 315 2946 409 3030; x_wconf 90' lang='lat' dir='ltr'><strong>signa</strong></span> <span class='ocrx_word' id='word_1_233' title='bbox 424 2942 607 3012; x_wconf 89' lang='lat' dir='ltr'><strong>turbinibus</strong></span> <span class='ocrx_word' id='word_1_234' title='bbox 646 2947 730 3013; x_wconf 89' lang='lat' dir='ltr'><strong>ausit</strong></span> <span class='ocrx_word' id='word_1_235' title='bbox 747 2946 940 3045; x_wconf 85' lang='lat' dir='ltr'><strong>Euphrates,</strong></span> <span class='ocrx_word' id='word_1_236' title='bbox 953 2954 985 3011; x_wconf 86' lang='lat' dir='ltr'><strong>et</strong></span> <span class='ocrx_word' id='word_1_237' title='bbox 1000 2968 1076 3010; x_wconf 93' lang='lat' dir='ltr'><strong>cum</strong></span> 
     </span>
     <span class='ocr_line' id='line_1_33' title="bbox 73 3025 1075 3125; baseline 0.007 -38"><span class='ocrx_word' id='word_1_238' title='bbox 73 3036 150 3111; x_wconf 89' lang='lat' dir='ltr'><strong>aput</strong></span> <span class='ocrx_word' id='word_1_239' title='bbox 169 3025 401 3125; x_wconf 86' lang='lat' dir='ltr'><strong>Nicephorium</strong></span> <span class='ocrx_word' id='word_1_240' title='bbox 429 3039 535 3093; x_wconf 89' lang='lat' dir='ltr'><strong>castra</strong></span> <span class='ocrx_word' id='word_1_241' title='bbox 561 3033 737 3116; x_wconf 90' lang='lat' dir='ltr'><strong>posuisset,</strong></span> <span class='ocrx_word' id='word_1_242' title='bbox 769 3032 862 3095; x_wconf 85' lang='lat' dir='ltr'><strong>missi</strong></span> <span class='ocrx_word' id='word_1_243' title='bbox 896 3031 937 3095; x_wconf 92' lang='lat' dir='ltr'><strong>ab</strong></span> <span class='ocrx_word' id='word_1_244' title='bbox 963 3030 1075 3098; x_wconf 89' lang='lat' dir='ltr'><strong>Orode</strong></span> 
     </span>
     <span class='ocr_line' id='line_1_34' title="bbox 72 3110 1074 3200; baseline 0.006 -29"><span class='ocrx_word' id='word_1_245' title='bbox 72 3130 149 3194; x_wconf 89' lang='lat' dir='ltr'><strong>rege</strong></span> <span class='ocrx_word' id='word_1_246' title='bbox 166 3110 196 3173; x_wconf 91' lang='lat' dir='ltr'><strong>le</strong></span> <span class='ocrx_word' id='word_1_247' title='bbox 221 3120 266 3173; x_wconf 91' lang='lat' dir='ltr'><strong>at1</strong></span> <span class='ocrx_word' id='word_1_248' title='bbox 281 3113 481 3194; x_wconf 86' lang='lat' dir='ltr'><strong>nuntiavere,</strong></span> <span class='ocrx_word' id='word_1_249' title='bbox 503 3136 728 3200; x_wconf 88' lang='lat' dir='ltr'><strong>percussorum</strong></span> <span class='ocrx_word' id='word_1_250' title='bbox 746 3135 819 3180; x_wconf 91' lang='lat' dir='ltr'><strong>cum</strong></span> <span class='ocrx_word' id='word_1_251' title='bbox 835 3113 915 3179; x_wconf 92' lang='lat' dir='ltr'><strong>Pom</strong></span> <span class='ocrx_word' id='word_1_252' title='bbox 939 3113 990 3179; x_wconf 85' lang='lat' dir='ltr'><strong>aio</strong></span> <span class='ocrx_word' id='word_1_253' title='bbox 1006 3113 1074 3179; x_wconf 90' lang='lat' dir='ltr'><strong>foc-</strong></span> 
     </span>
     <span class='ocr_line' id='line_1_35' title="bbox 45 3132 1073 3281; baseline 0.005 -26"><span class='ocrx_word' id='word_1_254' title='bbox 45 3192 185 3270; x_wconf 81' lang='lat' dir='ltr'><strong>5derum</strong></span> <span class='ocrx_word' id='word_1_255' title='bbox 196 3132 348 3280; x_wconf 55' lang='lat' dir='ltr'><strong>§ullaque</strong></span> <span class='ocrx_word' id='word_1_256' title='bbox 365 3197 574 3262; x_wconf 88' lang='lat' dir='ltr'><strong>meminisset.</strong></span> <span class='ocrx_word' id='word_1_257' title='bbox 595 3207 644 3262; x_wconf 91' lang='lat' dir='ltr'><strong>set</strong></span> <span class='ocrx_word' id='word_1_258' title='bbox 655 3199 754 3281; x_wconf 90' lang='lat' dir='ltr'><strong>regiis</strong></span> <span class='ocrx_word' id='word_1_259' title='bbox 769 3197 897 3263; x_wconf 87' lang='lat' dir='ltr'><strong>inhians</strong></span> <span class='ocrx_word' id='word_1_260' title='bbox 911 3136 968 3261; x_wconf 74' lang='lat' dir='ltr'><strong>dle</strong></span> <span class='ocrx_word' id='word_1_261' title='bbox 981 3196 1073 3260; x_wconf 87' lang='lat' dir='ltr'><strong>then-</strong></span> 
     </span>
     <span class='ocr_line' id='line_1_36' title="bbox 73 3278 1107 3380; baseline 0.006 -42"><span class='ocrx_word' id='word_1_262' title='bbox 73 3279 188 3361; x_wconf 89' lang='lat' dir='ltr'><strong>sauris,</strong></span> <span class='ocrx_word' id='word_1_263' title='bbox 209 3278 290 3342; x_wconf 90' lang='lat' dir='ltr'><strong>nihil</strong></span> <span class='ocrx_word' id='word_1_264' title='bbox 312 3301 354 3343; x_wconf 92' lang='lat' dir='ltr'><strong>ne</strong></span> <span class='ocrx_word' id='word_1_265' title='bbox 375 3279 567 3363; x_wconf 89' lang='lat' dir='ltr'><strong>imaginario</strong></span> <span class='ocrx_word' id='word_1_266' title='bbox 588 3280 718 3380; x_wconf 75' lang='lat' dir='ltr'><strong>quidem</strong></span> <span class='ocrx_word' id='word_1_267' title='bbox 738 3283 818 3361; x_wconf 91' lang='lat' dir='ltr'><strong>iure,</strong></span> <span class='ocrx_word' id='word_1_268' title='bbox 840 3290 889 3344; x_wconf 88' lang='lat' dir='ltr'><strong>set</strong></span> <span class='ocrx_word' id='word_1_269' title='bbox 906 3279 1073 3345; x_wconf 87' lang='lat' dir='ltr'><strong>Seleuciae</strong></span> <span class='ocrx_word' id='word_1_270' title='bbox 1081 3295 1107 3336; x_wconf 77' lang='lat'><strong>³⁵</strong></span> 
     </span>
     <span class='ocr_line' id='line_1_37' title="bbox 46 3363 1072 3451; baseline 0.003 -27"><span class='ocrx_word' id='word_1_271' title='bbox 46 3374 108 3424; x_wconf 81' lang='lat' dir='ltr'><strong>ose</strong></span> <span class='ocrx_word' id='word_1_272' title='bbox 122 3384 351 3448; x_wconf 87' lang='lat' dir='ltr'><strong>responsurum</strong></span> <span class='ocrx_word' id='word_1_273' title='bbox 368 3384 438 3427; x_wconf 88' lang='lat' dir='ltr'><strong>esse</strong></span> <span class='ocrx_word' id='word_1_274' title='bbox 452 3365 627 3451; x_wconf 85' lang='lat' dir='ltr'><strong>respondit.</strong></span> <span class='ocrx_word' id='word_1_275' title='bbox 656 3366 764 3428; x_wconf 72' lang='lat' dir='ltr'><strong>itaeue</strong></span> <span class='ocrx_word' id='word_1_276' title='bbox 779 3364 826 3427; x_wconf 81' lang='lat' dir='ltr'><strong>dii</strong></span> <span class='ocrx_word' id='word_1_277' title='bbox 842 3364 1008 3429; x_wconf 82' lang='lat' dir='ltr'><strong>foederum</strong></span> <span class='ocrx_word' id='word_1_278' title='bbox 1024 3363 1072 3427; x_wconf 91' lang='lat' dir='ltr'><strong>ul-</strong></span> 
     </span>
     <span class='ocr_line' id='line_1_38' title="bbox 71 3447 1072 3512; baseline 0.006 -7"><span class='ocrx_word' id='word_1_279' title='bbox 71 3451 158 3508; x_wconf 91' lang='lat' dir='ltr'><strong>tores</strong></span> <span class='ocrx_word' id='word_1_280' title='bbox 180 3468 241 3511; x_wconf 88' lang='lat' dir='ltr'><strong>nec</strong></span> <span class='ocrx_word' id='word_1_281' title='bbox 261 3447 386 3512; x_wconf 67' lang='lat' dir='ltr'><strong>insidiis</strong></span> <span class='ocrx_word' id='word_1_282' title='bbox 411 3469 470 3512; x_wconf 67' lang='lat' dir='ltr'><strong>aer</strong></span> <span class='ocrx_word' id='word_1_283' title='bbox 491 3449 602 3500; x_wconf 75' lang='lat' dir='ltr'><strong>virtut&#39;</strong></span> <span class='ocrx_word' id='word_1_284' title='bbox 624 3447 674 3496; x_wconf 66' lang='lat' dir='ltr'><strong>&#39;w‘</strong></span> <span class='ocrx_word' id='word_1_285' title='bbox 689 3458 700 3478; x_wconf 67' lang='lat'>²</span> <span class='ocrx_word' id='word_1_286' title='bbox 701 3487 751 3500; x_wconf 69' lang='lat'>·····</span> <span class='ocrx_word' id='word_1_287' title='bbox 798 3447 958 3504; x_wconf 64' lang='lat' dir='ltr'><strong>*abierunt</strong></span> <span class='ocrx_word' id='word_1_288' title='bbox 1004 3447 1072 3511; x_wconf 69' lang='lat' dir='ltr'><strong>iam</strong></span> 
     </span>
    </p>
   </div>
   <div class='ocr_carea' id='block_1_5' title="bbox 0 0 1138 3832">
    <p class='ocr_par' dir='ltr' id='par_1_6' title="bbox 0 0 1138 3832">
     <span class='ocr_line' id='line_1_39' title="bbox 0 0 1138 3832; baseline 0 0"><span class='ocrx_word' id='word_1_289' title='bbox 0 0 1138 3832; x_wconf 95' lang='lat' dir='ltr'><strong> </strong></span> 
     </span>
    </p>
   </div>
  </div>
 </body>
</html>
