2266 3832
427 207 625 266 LlBElilll
947 207 988 270 63

137 373 188 434 Gn
196 393 223 432 r.
238 371 261 432 l.
284 371 353 431 Post
363 371 437 431 bunc
448 370 614 432 Maximinus
627 391 663 432 ex
675 391 797 453 corpore
808 374 919 435 militari
931 377 987 454 pri-

72 477 133 518 mus
155 456 190 517 ad
212 457 359 534 imperium
381 458 505 515 accessit
522 455 583 516 sola
603 457 720 518 militum
736 455 897 536 voluntate,
925 477 988 518 cum

72 541 148 602 nulla
162 548 277 600 senatus
294 541 506 599 intercessisset
519 542 671 600 auctoritas
683 559 778 620 neque
795 544 859 620 ipse
872 552 988 603 senator

73 634 160 686 esset.
192 621 221 683 ls
239 623 316 684 bello
336 622 473 683 adversus
485 621 640 684 Germanos
657 623 780 685 feliciter
796 635 881 703 gesto
897 644 987 686 cuma

72 707 205 769 militibus
221 710 374 786 impemtor
385 714 463 767 esset
476 707 646 787 appellatus,
665 727 681 768 a
696 707 824 787 Pupieno
835 709 986 788 Aquileiae
1010 719 1038 762 Ρ·

73 795 186 853 occisus
203 801 248 850 est
263 790 458 851 deserentibus
476 810 540 850 eum
556 790 690 851 militibus
707 795 766 851 suis
782 811 845 852 cum
863 793 921 855 lilio
939 794 986 855 ad·
998 787 1049 833 Μ

72 877 126 937 buc
137 889 244 954 puero,
253 893 315 934 cum
325 892 381 954 quo
394 877 582 953 imperaverat
593 877 713 935 triennio
726 885 755 935 et
764 879 863 954 paucis
875 877 986 938 diebus.
998 857 1045 900 ²³⁸·

136 959 187 1020 cn
198 979 224 1018 r.
240 957 277 1018 ll.
303 957 406 1018 Postea
426 967 484 1018 tres
503 959 584 1018 simul
601 958 723 1037 Augusti
737 961 865 1038 fuerunt,
884 960 986 1040 Pupie-

72 1062 135 1120 nus,
154 1042 286 1103 Balbinus
303 1052 331 1102 et
343 1040 517 1120 Gordianus,
536 1043 592 1102 duo
606 1044 770 1120 superiores
782 1045 986 1106 obscurissimo

71 1145 194 1206 genere,
218 1124 375 1186 Gordianus
392 1126 511 1203 nobilis,
539 1129 646 1206 quippe
665 1129 745 1186 cuius
769 1137 865 1207 pater,
892 1131 987 1189 senior

73 1210 240 1287 Gordianus,
258 1228 399 1270 consensu
410 1210 537 1287 militum,
555 1229 621 1270 cum
630 1210 860 1289 proconsulatum
870 1211 985 1273 Africae

71 1302 202 1374 gereret,
229 1293 380 1354 Maximino
406 1295 563 1371 imperante
584 1296 718 1372 princeps
739 1296 843 1355 luisset
864 1296 983 1356 electus.

71 1378 171 1456 ltaque
182 1395 245 1436 cum
255 1377 372 1437 Romam
378 1378 517 1453 venisset,
533 1376 665 1438 balbinus
678 1387 707 1437 et
718 1377 861 1456 Pupienus
873 1381 901 1438 in
912 1379 987 1458 pala·
1005 1388 1032 1429 Ρ·

72 1464 111 1522 tio
130 1461 272 1522 interfecti
290 1470 369 1538 sunt,
394 1460 448 1520 soli
470 1457 611 1521 Gordiano
632 1463 780 1539 imperium
801 1472 985 1523 reservatum.
998 1454 1052 1498 ΒΝ

73 1544 229 1606 Gordianus
245 1544 393 1605 admodum
405 1561 487 1622 puer,
507 1563 570 1605 cum
584 1544 801 1624 Tranquillinam
813 1546 921 1606 Romae
935 1547 984 1607 du·
999 1525 1045 1566 ²⁸⁸·

71 1632 161 1691 uisset
175 1647 309 1705 uxorem,
328 1626 424 1689 lanum
441 1631 583 1707 geminum
599 1631 724 1707 aperuit,
749 1639 778 1690 et
795 1629 985 1690 adorientem
1009 1653 1035 1693 s.

72 1712 333 1792 profectnsPartbis
343 1712 448 1772 bellum
460 1712 561 1789 intulit,
574 1715 622 1792 qui
633 1715 688 1772 iam
698 1713 884 1773 moliebantur
895 1733 985 1774 erum·
995 1721 1051 1764 GN·

73 1816 149 1876 pere.
173 1795 376 1875 Quodquidem
386 1813 453 1856 mox
463 1795 586 1855 feliciter
596 1800 687 1874 gessit
700 1797 876 1877 proeliisque
886 1801 984 1876 ingen·
994 1790 1041 1833 ²⁴²·

71 1882 146 1941 tibus
160 1879 261 1941 Persas
273 1880 382 1940 afflixit.
410 1879 535 1939 Rediens
550 1879 623 1940 haud
637 1881 724 1958 longe
739 1900 756 1941 a
770 1881 905 1941 Romanis
923 1883 982 1941 lini-
1008 1894 1034 1936 Ρ.

72 1966 124 2030 bus
144 1966 310 2024 interfectus
322 1972 366 2023 cst
380 1962 479 2023 fraude
495 1962 699 2043 Philippi,·qui
712 1974 777 2042 post
788 1984 851 2024 eum
865 1967 983 2043 impera·
995 1962 1045 2034 ⁰1¹*

71 2051 121 2108 vit.
143 2046 227 2108 bliles
243 2051 270 2107 ei
282 2046 417 2107 tumulum
431 2049 571 2124 vigesimo
586 2046 732 2108 miliarioa
749 2047 894 2124 circesso,
908 2048 984 2127 quod
996 2031 1041 2074 ²⁴⁴¹

73 2140 194 2192 castrum
205 2149 279 2191 nunc
290 2130 480 2190 Romanorum
492 2139 546 2207 est,
561 2129 697 2208 Euphrati
708 2133 869 2207 imminens,
888 2132 983 2192 aedili-

73 2217 157 2292 cavit,
170 2217 321 2293 exsequias
333 2213 452 2273 Romam
461 2216 586 2289 revexit,
604 2216 697 2291 ipsum
707 2214 810 2274 Divum
820 2214 983 2293 appellavit.

134 2300 218 2363 Gru.
238 2296 287 2358 lll.
311 2296 432 2376 Philippi
449 2296 520 2373 duo,
542 2296 615 2358 filius
627 2316 660 2357 ac
674 2306 763 2376 pater,
780 2297 922 2359 Gordiano
935 2314 983 2358 oc·

72 2385 133 2443 ciso
147 2385 294 2460 imperium
306 2384 468 2441 invaserunt
478 2390 563 2460 atque
581 2384 708 2442 exercitu
719 2382 852 2442 incolumi
863 2383 982 2443 reducto

70 2467 105 2527 ad
121 2466 228 2527 ltaliam
246 2485 263 2526 e
280 2466 362 2542 Syria
380 2466 502 2543 profecti
520 2475 593 2525 sunt.
637 2465 688 2525 llis
713 2467 913 2544 imperantibus
933 2469 983 2527 mi·

71 2551 185 2611 lesimus
214 2569 302 2611 annus
323 2550 432 2610 Rornae
458 2549 535 2608 urbis
561 2551 668 2628 ingenti
695 2549 824 2610 ludorum
848 2560 983 2629 apparatu

70 2635 356 2714 spectaculorumque
371 2633 531 2694 celebmtus
549 2642 601 2693 est.
632 2632 724 2693 Ambo
741 2634 842 2694 deinde
853 2635 888 2693 ab
902 2653 982 2694 exer-

71 2721 127 2779 citu
150 2719 291 2779 interfecti
312 2727 391 2794 sunt,
420 2719 516 2777 senior
533 2715 679 2795 Philippus
700 2717 848 2794 Veronae,
873 2717 982 2778 Romae
1007 2738 1034 2780 r.

70 2805 171 2862 iunior.
205 2802 294 2862 Annis
312 2805 436 2881 quinque
455 2803 674 2879 imperaverunt.
698 2798 776 2861 Inter
787 2802 876 2860 Divos
890 2810 983 2862 tamen
994 2806 1051 2916 gg

69 2886 151 2946 relati
167 2895 239 2945 sunt.
1035 2904 1041 2918 ·

134 2970 219 3030 Gar.
232 2968 280 3028 IV.
303 2969 371 3029 Post
385 2970 438 3029 hos
452 2969 561 3029 Decius
581 2988 598 3029 a
617 2967 757 3029 Pannonia
770 2969 915 3045 inferiore,
929 2969 984 3028 Bu·

69 3053 159 3114 daliae
171 3055 418 3132 natus,imperium
429 3055 557 3131 sumpsit.
580 3052 689 3113 Bellum
697 3052 791 3128 ciuile,
801 3052 878 3131 quod
889 3051 983 3112 inGal·

68 3138 106 3197 lia
117 3147 222 3197 motum
235 3138 338 3215 iuerat,
352 3138 506 3215 oppressit.
528 3136 630 3197 Filium
645 3156 725 3196 suum
741 3135 893 3196 Gaesarem
904 3136 982 3196 iecit.

68 3221 176 3281 Romae
187 3221 328 3282 lavacrum
338 3221 506 3281 aedificavit.
529 3220 600 3281 Gum
612 3221 726 3281 biennio
738 3222 801 3298 ipse
809 3229 837 3279 et
849 3220 922 3279 lilius
934 3221 983 3278 im·
1008 3247 1034 3287 p,

69 3314 228 3383 perasseut,
244 3314 364 3386 uterque
376 3306 404 3365 in
417 3305 565 3365 barbarico
578 3305 720 3364 interiecti
733 3313 797 3363 sunt
812 3313 841 3364 et
852 3305 923 3362 inter
936 3302 985 3360 [li-
994 3315 1051 3426 qqt.

67 3404 121 3448 vos
137 3388 229 3449 relati.
1035 3411 1041 3425 ·
