2266 3832
71 203 91 262 4
442 210 539 259 ῙΝΟΠ
558 209 706 260 mlum

356 395 419 461 ΠΙ.
462 394 527 460 DE
550 393 800 461 SIDERIBVS.

48 542 63 593 1
159 514 294 578 Praeter
323 512 493 577 duodecim
525 512 621 596 signa
651 494 879 597 potentissima
905 510 1017 575 sidera
1046 511 1078 574 iu

75 598 182 664 caelo:
214 597 451 682 septentriones
473 596 554 676 duo,
581 595 686 658 maior
708 604 741 659 et
758 594 879 675 minor,
909 594 969 680 qui
991 616 1078 657 num·

72 704 169 770 quam
190 688 380 763 merguntur
401 678 539 778 ideoque
561 678 696 743 navium
715 698 830 742 cursus
852 686 983 761 regunt,
1006 698 1080 765 quc·

71 788 143 829 rum
165 763 247 827 alter
271 762 442 848 Cynosura
463 762 592 826 dicitur.
635 760 773 842 Bootes,
798 760 887 825 idem
906 758 1100 825 Arcturum

47 850 189 928 aOrion,
243 847 277 909 ui
307 845 530 929 magnitudine
559 866 619 908 sua
645 844 813 909 dimidiam
840 842 926 908 caeli
957 842 1081 909 obtinet

94 940 206 994 artem.
270 928 382 1009 liadcs,
401 949 484 1013 quae
496 928 596 992 latine
608 926 776 1012 Vergiliae
794 927 959 991 dicuntum.
992 926 1081 1015 Hya·

70 956 145 1096 des,
169 1034 250 1099 quae
272 1034 292 1074 a
308 1010 401 1075 nobis
423 1008 562 1075 Suculae
585 1010 752 1092 dicunum,
774 1031 913 1097 quarum
937 1020 1029 1075 ortus
1051 1018 1081 1075 et

72 1120 205 1162 occasus
234 1118 254 1158 a
278 1097 386 1158 nautis
409 1104 441 1158 et
462 1094 504 1158 ab
527 1094 680 1178 agricolis
709 1092 939 1159 observantur.
986 1094 1081 1161 Oani-

46 1182 159 1261 3cula,
184 1180 342 1244 cuiusvis
365 1180 539 1263 praecipue
561 1177 699 1242 solstitie
721 1187 780 1242 est.
824 1176 949 1243 Stellae
991 1188 1109 1245 etan-ro

69 1267 217 1329 tissimae
238 1265 272 1326 in
295 1264 385 1327 caelo
409 1273 484 1326 sunt
505 1272 644 1347 septem:
675 1259 851 1343 Saturnus,
879 1259 952 1343 Sol,
1006 1283 1080 1343 una,

70 1348 175 1429 Mars,
204 1347 403 1427 Mercurius,
435 1346 594 1432 Iuppiter,
627 1344 756 1427 Venus,
786 1366 870 1432 quae
894 1366 917 1408 a
942 1344 1081 1411 Graccis

70 1433 236 1518 planetae,
267 1429 402 1494 anobis
433 1431 590 1494 erraticae
620 1427 786 1510 dicunurr,
819 1430 896 1515 quia
923 1428 969 1493 ad
995 1428 1081 1493 arbi·

70 1518 169 1579 trium
193 1537 286 1577 suum
307 1523 469 1597 vagantur
488 1522 519 1576 et
536 1522 626 1576 motu
650 1534 708 1576 suo
733 1512 899 1577 hominum
922 1512 995 1577 fata
1015 1534 1081 1579 mo·

71 1601 240 1662 derantur:
264 1598 340 1659 item
363 1596 502 1661 adverso
523 1617 620 1659 cursu
639 1605 752 1660 contra
772 1595 1110 1661 caelumfcmrntur.1s

70 1728 150 1791 IIII.
182 1725 347 1806 QVIBVS
365 1724 587 1790 PARTIBVS
606 1724 817 1790 SEDEANT
834 1726 1081 1795 Dvonncm

235 1825 372 1891 SIGNA
392 1825 636 1891 DVODEOIM
657 1823 919 1890 VENTORVM.

154 1945 251 2007 Aries
268 1946 303 2007 in
324 1944 475 2025 africum,
504 1942 631 2007 Taurus
654 1944 690 2006 in
710 1943 858 2026 circium,
890 1942 1029 2009 Gemini.
1045 1947 1080 2010 in

71 2029 270 2114 aquilonem,
302 2028 429 2093 Cancer
456 2030 491 2091 in
517 2049 552 2090 se
575 2028 786 2108 tammonem,
816 2026 885 2092 Leo
907 2028 944 2090 in
973 2028 1079 2094 thras—

71 2116 171 2194 ciam,
190 2114 292 2197 Virgo
309 2114 343 2175 in
361 2122 526 2197 argesten,
548 2049 650 2174 iiibra
669 2112 703 2173 in
719 2110 902 2197 zephyron,
920 2109 1108 2198 Scorpiusao

70 2199 106 2260 in
129 2198 280 2279 africum,
306 2196 499 2281 Sagittarius
522 2198 556 2259 in
578 2205 723 2259 austrum
739 2204 771 2259 et
787 2193 942 2277 africum,
965 2194 1079 2282 Capri—

70 2303 188 2426 pprnus
220 2283 255 2343 in
288 2292 447 2361 austrum,
481 2280 645 2364 Aquarius
679 2279 715 2342 in
748 2300 861 2342 eurum
893 2287 926 2343 et
956 2288 1078 2363 notum,

99 2387 182 2426 rsees
208 2387 241 2425 m
265 2387 388 2427 eurum.

398 2496 439 2558 V.
483 2495 545 2556 DE
568 2495 744 2561 VENTIS.

47 2633 60 2682 1
156 2614 255 2677 Venti
288 2614 369 2676 liunt
392 2636 434 2677 cx
459 2615 544 2678 aeris
568 2625 657 2679 motu
685 2626 717 2679 et
742 2616 971 2701 inclinatione,
1000 2629 1110 2685 sunta

69 2705 176 2760 autem
194 2695 363 2781 generales
381 2705 546 2782 quattuor:
569 2720 680 2779 eurus,
699 2700 786 2764 idem
804 2702 971 2787 apeliotes,
989 2703 1078 2768 idem

69 2780 237 2843 volturnus
252 2780 293 2842 ab
306 2782 443 2844 oriente:
468 2781 510 2845 ab
533 2783 700 2851 occidente
717 2784 894 2870 zephyrus,
918 2785 1008 2850 idem
1025 2808 1076 2852 co·

69 2886 124 2927 rus
130 2913 138 2944 ,
159 2864 246 2927 idem
263 2864 430 2928 favonius:
454 2866 578 2951 aquilo,
604 2866 733 2948 boreas,
762 2870 923 2954 aparctias
946 2869 1036 2934 idern
1056 2892 1077 2934 a

69 2949 304 3031 septentrione:
337 2958 447 3030 notus,
476 2950 563 3013 idern
586 2949 648 3013 libs
673 2960 704 3013 et
725 2960 833 3015 auster
856 2961 888 3016 et
909 2952 1033 3017 africus
1056 2975 1077 3017 a

44 3031 215 3094 ameridie.
260 3032 306 3094 Hi
332 3041 406 3095 sunt
428 3042 579 3118 quattuor
608 3035 798 3118 generales,
829 3037 930 3099 ceteri
952 3039 1074 3122 spacia
1082 3065 1109 3107 aa

70 3114 117 3177 les
143 3114 388 3196 adscribuntur,
416 3126 451 3179 ut
478 3119 580 3201 iapyx
603 3117 760 3203 zephyro,
792 3120 848 3206 qui
869 3118 910 3182 ab
935 3118 1075 3206 Iapygio

69 3198 209 3283 Apuliae
236 3201 454 3283 promontorio
483 3200 556 3282 flat3
588 3200 776 3267 leuconotus
803 3212 896 3283 noto,
925 3225 998 3268 cum
1026 3224 1075 3268 se·

70 3285 178 3346 reniet·
205 3282 278 3364 flat;
309 3285 425 3346 circius
456 3285 617 3382 aquiloni,
649 3306 719 3349 cum
748 3287 971 3351 vehementior
997 3284 1075 3352 Gal·

70 3366 131 3429 lias
153 3367 284 3451 perflat3
314 3368 391 3430 item
413 3378 546 3430 etesiae.
580 3369 632 3435 0¹¹³
657 3379 720 3418 Μ*
776 3370 889 3435 liebus
914 3370 996 3435 flant
1014 3391 1076 3457 por

74 3460 242 3516 aestatem.
1078 3473 1104 3514 π
