2266 3832
352 218 379 300 Ι,
395 221 442 281 17.
459 218 495 281 18
508 216 542 305 [1,
554 220 690 282 24-26.
707 235 743 300 11,
759 223 785 281 1.
799 218 841 306 2].
1058 224 1098 285 23

220 381 351 449 XVIII.
366 382 553 447 BELLVM
566 381 772 449 PVNIOVM
784 383 972 449 PRIMVM.

175 550 310 616 Domita
327 549 526 637 subactaque
543 548 640 614 Italia
656 549 796 635 populus
810 549 975 615 Romanus
1017 574 1129 652 repon

88 633 411 723 quingentensimum
421 654 542 698 annum
552 654 663 717 agens,
675 654 750 707 curn
764 633 851 699 bona
862 633 927 698 fide
934 574 1095 701 adolevis-

91 726 158 799 set,
174 718 204 781 si
218 717 306 803 qnod
317 724 367 781 est
377 716 492 798 robur,
512 718 541 780 si
552 737 617 814 qua
627 718 793 799 iuventas,
810 725 880 780 tum
890 717 947 782 ille
958 740 1035 783 vere
1046 741 1097 785 ro·

71 800 212 867 obustus
234 806 266 863 et
282 800 410 863 iuvenis
450 821 488 863 ar
505 798 577 863 orbi
592 807 753 863 terrarum
770 821 842 864 esse
859 803 976 887 coepit.
999 804 1125 869 ita—2

91 886 211 949 mirum
231 891 263 947 et
279 821 471 947 incredibile
488 882 630 947 diotu—
642 883 698 969 qui
738 904 775 948 ro
800 905 818 947 e
835 885 1021 969 quingentis
1044 908 1099 949 an-

90 968 144 1031 nis
164 966 252 1033 domi
275 965 415 1039 luctatus
440 974 490 1029 est
504 1003 548 1016 -
568 965 649 1030 adeo
667 965 701 1029 di
739 968 767 1030 c‘
784 988 801 1030 e
818 966 926 1031 fuerat
943 968 1023 1032 dare
1035 969 1099 1032 Ita·

91 1050 157 1115 liae
176 1056 274 1136 eaput
287 1086 332 1099 -
348 1048 400 1112 his
420 1048 568 1114 ducentis
586 1050 680 1112 annis
697 1049 755 1134 qui
772 1058 925 1114 secuntum
941 1051 1098 1133 Africam,

90 1132 276 1219 Europam,
293 1132 422 1213 Asiam,
439 1140 543 1197 totum
554 1132 695 1218 denique
708 1130 821 1196 orbem
831 1142 992 1199 terrarum
1002 1133 1098 1198 bellis

55 1216 305 1301 soVIctoriisqne
315 1216 513 1313 peragravit.

177 1298 284 1384 Igitur
299 1307 405 1363 victor
421 1297 536 1362 Italiae
551 1298 691 1397 populns
703 1298 868 1363 Romanus
886 1319 960 1362 cum
976 1299 1019 1364 ad
1034 1299 1097 1363 fre·
1104 1315 1131 1360 11

90 1392 163 1447 tum
180 1403 284 1468 nsque
301 1382 460 1463 venisset,
482 1402 572 1446 more
590 1383 692 1466 ignis,
712 1382 768 1468 qui
780 1389 913 1444 cunctas
922 1381 1098 1479 populatus

90 1464 243 1531 incendio
261 1464 363 1529 silvas
379 1466 616 1529 interveniente
632 1464 766 1529 flumine
782 1462 1000 1550 abrumprtur,
1019 1487 1098 1551 pau·

91 1548 194 1635 lisper
205 1547 361 1612 substitit.
381 1569 544 1612 moxcum
552 1546 1123 1646 videretopulentissimaminpro-2

57 1634 184 1703 rsximo
201 1631 357 1717 praedam
376 1631 517 1717 quodam
533 1631 629 1697 modo
640 1630 755 1695 Itabae
773 1651 851 1695 suae
868 1631 1048 1696 abscissam
1065 1641 1097 1696 et

91 1714 375 1803 quasirevolsam,
394 1714 476 1779 adeo
489 1714 665 1800 cupiditate
677 1716 747 1779 eius
759 1714 897 1795 exarsit,
914 1723 966 1796 ut,
1009 1724 1096 1779 uate·

90 1820 155 1863 nus
166 1819 228 1863 nec
240 1797 325 1864 mole
335 1798 429 1882 iungi
445 1819 506 1863 neo
520 1797 674 1884 pontibus
685 1807 811 1885 posset,
833 1797 932 1861 armis
943 1737 1031 1863 bello
1055 1820 1096 1862 ue

91 1881 259 1966 iungenda
270 1889 302 1946 et
312 1881 356 1946 ad
367 1883 585 1946 continentem
596 1903 688 1945 suam
705 1879 890 1946 revocanda
907 1879 995 1947 bello
1007 1821 1096 1946 vibe-

90 1974 156 2031 tur.
191 1965 250 2030 sed
266 1985 357 2047 ecce,
380 1964 466 2029 ultro
483 1965 565 2050 ipsis
582 1966 670 2029 viam
685 1962 903 2051 pandentibus
921 1963 1016 2046 fatis,
1037 1974 1124 2028 neca

56 2048 223 2119 accensio
241 2047 361 2128 definit,
382 2069 456 2112 cum
474 2048 515 2112 de
531 2047 715 2114 Poenorum
730 2049 765 2112 in
788 2048 909 2112 otentia
930 2046 1098 2112 foederata

92 2130 225 2197 Siciliae
239 2132 354 2196 civitas
366 2130 519 2197 Messana
551 2138 728 2196 uereretur.
804 2127 931 2194 cotabat
942 2140 1051 2195 autem
1061 2139 1098 2193 ut

91 2216 259 2281 Romanus
271 2216 318 2278 ita
327 2214 457 2280 Poenus
470 2154 624 2296 Siciliam,
638 2222 670 2278 et
682 2214 796 2279 eodem
805 2221 950 2298 tempore
961 2213 1096 2298 paribus

91 2298 326 2397 uterqnevotis
338 2296 698 2383 acviribusimperium
710 2295 798 2362 orbis
816 2294 971 2380 agitabat.
995 2297 1122 2381 igitur4

93 2383 203 2468 specie
232 2380 365 2467 quidem
393 2383 499 2446 socios
529 2380 680 2463 iuvandi,
707 2402 743 2445 re
771 2387 880 2445 autem
901 2378 1097 2444 sollicitante

56 2464 231 2563 capraccia,
244 2485 439 2564 quamquam
448 2465 612 2530 territaret
625 2465 753 2530 novitas
765 2464 823 2546 rei,
834 2472 944 2527 nmen
953 2501 997 2513 —
1006 2472 1098 2529 tanta

91 2546 509 2613 mvirtutefiduc1aest—
519 2547 576 2613 ille
587 2548 694 2629 rudis,
712 2547 768 2612 ille
783 2548 946 2633 pastorius
956 2547 1096 2633 populus

90 2652 235 2717 vereque
249 2640 404 2695 terrester
421 2633 563 2696 ostendit
575 2631 657 2696 nihil
667 2633 825 2696 interesse
842 2631 987 2712 virtutis,
1004 2632 1095 2717 equis

92 2734 137 2779 an
146 2712 297 2796 navibus,
309 2724 396 2778 terra
407 2735 449 2778 an
463 2716 546 2779 mari
560 2715 777 2780 dimicarem

177 2798 287 2896 Appio
295 2797 432 2862 Claudio
444 2798 577 2863 consule
587 2800 727 2886 primum
738 2797 857 2862 fretum
867 2799 1034 2883 ingressus
1045 2805 1121 2866 esto

56 2908 85 2951 ec
93 2880 254 2947 fabulosrs
266 2881 387 2946 infame
402 2883 554 2946 monstris
565 2892 721 2968 aestuque
733 2879 925 2963 violentum,
944 2880 1002 2944 sed
1013 2881 1095 2945 adeo

92 2986 161 3031 non
178 2972 228 3029 est
246 2966 434 3045 exterritus,
447 2974 483 3029 ut
498 2965 589 3029 illam
599 2967 703 3051 ipsam
715 2966 837 3028 ruentis
849 2974 957 3029 aestus
972 2963 1095 3028 violen-

91 3049 173 3113 tiam
188 3069 249 3147 pro
267 3069 401 3112 munere
413 3048 674 3133 amplecteretur,
693 3049 779 3134 quod
789 3047 944 3113 velocitas
962 3049 1118 3110 naviums

91 3132 176 3195 mari
186 3139 368 3214 iuvaretur,
388 3133 560 3217 statimque
571 3154 610 3196 ac
621 3134 692 3196 sine
708 3152 799 3195 mora
810 3130 986 3195 Hieronem
997 3128 1080 3214 Syra

93 3236 251 3279 cusanum
266 3222 357 3279 tanta
373 3215 538 3279 celeritate
551 3216 685 3297 devicit,
704 3224 740 3278 ut
751 3212 806 3279 ille
817 3215 887 3299 ipse
898 3215 987 3300 prius
1000 3234 1034 3274 se
1046 3213 1084 3260 vi«

59 3306 184 3369 actum
194 3318 291 3384 quam
301 3297 426 3363 hostem
437 3298 562 3363 videret
573 3299 738 3363 fateretur.

176 3379 303 3446 Duillio
315 3379 530 3467 Cornelioque
542 3382 728 3447 oonsulibus
740 3381 836 3443 etiam
846 3378 1104 3462 maricongredi*

93 3472 264 3530 ansnsest.
289 3464 580 3528 romaricensium
600 3465 746 3528 velociter
770 3462 874 3525 rhesis
916 3470 1082 3520 canaram
