2266 3832
162 207 204 268 30
507 201 724 266 curnorrr
792 284 794 290 ἲ

163 382 208 432 tur
223 374 419 450 ignominiam,
443 391 498 451 qua
514 390 530 431 a
546 371 720 442 Numantinis
736 371 781 430 bis
792 370 911 430 Romani
931 376 1085 434 exercitus

163 458 274 515 fuerant
296 456 453 532 subiugati,
482 455 511 514 P.
531 456 629 532 Scipio
648 453 797 513 Africanus
824 454 950 514 secundo
975 457 1084 517 consui

97 549 150 590 AU-
163 540 255 599 factus
268 548 296 598 et
307 539 341 598 ad
350 538 525 597 Numantiam
540 541 642 596 missus
657 546 710 596 est.
733 537 761 596 is
775 540 893 614 primum
903 538 1024 599 militem
1036 544 1083 600 vi·

97 616 143 657 ⁶¹⁸·
161 625 264 682 tiosum
281 632 309 681 et
325 624 456 698 ignavum
476 620 636 682 exercendo
652 623 741 697 magis
758 639 840 700 quam
850 623 996 697 puniendo
1014 626 1083 683 sine

161 705 255 784 aliqua
267 705 422 765 acerbitate
435 708 568 781 correxit,
586 714 644 763 tum
663 703 763 763 multas
777 704 928 781 Hispaniae
944 706 1082 767 civitates

162 790 261 866 partim
272 788 351 848 bello
363 791 450 866 cepit,
463 791 562 867 partim
574 791 601 846 in
608 787 779 863 deditionem
790 791 913 866 accepit,
928 799 1081 865 postremo

161 876 252 949 ipsam
263 870 451 947 Numantiam,
470 873 517 931 diu
529 873 692 945 obsessam,
716 872 790 930 fame
802 871 927 931 coniecit
939 883 967 931 et
979 893 997 934 a
1011 875 1081 934 solo

162 959 274 1032 evertit,
288 955 424 1033 reliquam
438 957 610 1034 provinciam
622 957 649 1013 in
661 954 744 1013 fidem
755 957 878 1032 accepit.

227 1061 312 1120 (iar.
328 1059 432 1119 XVIII.
465 1060 509 1119 Eo
526 1069 655 1137 tempore
672 1058 782 1119 Attalus
794 1079 846 1119 rex
857 1059 959 1135 Asiae,
987 1060 1081 1120 frater

162 1144 311 1219 Eumenis,
335 1153 461 1202 mortuus
484 1152 529 1202 est
544 1142 737 1221 heredemque
759 1144 894 1221 populum
916 1142 1078 1208 Romanum

162 1227 284 1306 reliquit.
314 1224 356 1286 lta
372 1229 491 1304 imperio
507 1227 635 1286 Romano
656 1243 708 1304 per
724 1235 921 1287 testamentum
937 1226 1008 1287 Asia
1028 1246 1078 1287 ac·

164 1314 262 1371 cessit.

100 1420 154 1461 Mi·
225 1418 308 1476 Gne.
320 1415 397 1476 XIX.
414 1414 482 1475 Mox
496 1418 579 1474 ctiam
591 1417 725 1474 Decimus
738 1413 833 1474 lunius
844 1415 945 1474 Brutus
958 1414 995 1473 de
1009 1415 1073 1476 Gal·

109 1487 249 1559 62⁰·laeois
266 1508 295 1558 et
309 1499 448 1558 Lusitanis
466 1497 645 1575 triumphavit
663 1517 763 1575 magna
780 1499 882 1575 gloria.
910 1497 947 1557 Et
960 1497 991 1557 P.
1011 1501 1075 1559 Soi-

162 1585 210 1660 pio
226 1582 376 1641 Africanus
398 1581 433 1640 de
450 1580 802 1647 Numantinissecundum
823 1582 993 1660 triumphum
1014 1587 1076 1661 egit

161 1687 217 1725 xrv.
234 1682 306 1725 anno
318 1673 394 1742 post,
410 1682 492 1743 quam
505 1666 626 1741 priorem
641 1664 677 1724 de
688 1664 786 1725 Africa
797 1676 905 1742 egerat.

224 1770 309 1831 Gar.
321 1767 385 1828 XX.
407 1767 513 1827 Motum
529 1771 640 1829 interim
655 1771 684 1828 in
699 1769 768 1828 Asia
781 1770 887 1829 bellum
902 1779 945 1830 est
961 1770 996 1830 ab
1008 1771 1074 1830 Ari·

162 1855 273 1915 stonioo
284 1852 419 1911 Eumenis
435 1851 509 1926 filio,
521 1854 571 1930 ¹qui
584 1872 620 1911 ex
632 1854 788 1912 concubina
805 1863 956 1932 susceptus
968 1855 1071 1919 iuerat.

101 1937 190 2000 auls
213 1936 354 1995 Eumenes
376 1936 463 1995 frater
481 1935 566 1994 Attali
588 1937 689 1996 iuerat,
720 1935 865 1996 Adversus
883 1956 946 1996 eum
966 1940 1074 1998 missus

111 2020 292 2098 ⁶2¹·pontifex
306 2018 337 2078 P.
353 2018 475 2078 Licinius
488 2018 606 2078 Crassus
623 2021 729 2079 infinita
741 2038 839 2097 rogum
850 2022 946 2081 habuit
956 2023 1072 2082 auxilia.

161 2105 232 2164 Nam
249 2114 277 2162 ct
292 2102 439 2178 Bithyniae
456 2120 507 2162 rex
523 2102 695 2162 Nicomedes
707 2103 849 2163 Romanos
865 2107 949 2179 iuvit,
973 2114 1002 2164 et
1018 2104 1073 2164 Ni-

161 2187 296 2247 thridates
316 2186 460 2263 Ponticus,
480 2204 615 2265 cumque
632 2187 737 2246 bellum
755 2196 856 2263 postea
872 2190 1073 2265 gravissimum

161 2273 229 2347 suit,
254 2280 282 2330 et
296 2269 458 2330 Ariarathes
472 2268 643 2348 Cappadox,
660 2279 688 2328 et
699 2269 882 2345 Pylaemenes
894 2269 1073 2348 Paphlagon.

160 2355 259 2413 Victus
272 2361 316 2412 est
331 2351 549 2412 tamcoCrassus
562 2357 589 2412 iu
604 2353 714 2430 proelio
731 2361 760 2412 et
772 2355 947 2414 interiectus.
978 2352 1073 2433 Caput

162 2440 223 2496 eius
239 2435 401 2494 Aristonico
423 2435 547 2494 oblatum
570 2446 628 2512 est,
649 2453 754 2514 eorpus
767 2439 901 2514 Smyrnae
916 2437 1075 2515 sepultum.

98 2534 154 2578 Au.
161 2520 264 2579 Postea
280 2518 432 2596 Perperna,
450 2519 548 2578 consul
560 2519 713 2599 Romanus,
732 2523 779 2599 qui
797 2539 951 2581 successor
961 2522 1075 2583 Crasso

100 2603 145 2645 ⁶22
162 2603 309 2678 veniebat,
332 2601 425 2661 audita
445 2602 513 2661 belli
529 2602 640 2663 iortuna
656 2603 691 2663 ad
705 2605 801 2664 Asiam
814 2606 949 2665 celeravit
965 2615 994 2664 et
1005 2609 1072 2666 acie

160 2690 265 2746 rictum
275 2685 465 2744 Aristonicum
475 2686 550 2764 apud
561 2688 739 2747 Stratonicen
751 2691 902 2766 civitatem,
916 2704 971 2767 quo
986 2689 1072 2766 iuge·

160 2779 211 2846 rat,
225 2770 298 2828 farne
310 2769 345 2828 ad
357 2768 528 2828 deditionem
539 2771 682 2848 compulit.
702 2771 881 2832 Aristonicus
893 2775 972 2832 iussu
986 2791 1071 2834 sena·

159 2865 204 2913 tus
216 2853 325 2912 Romae
337 2856 364 2911 in
381 2870 496 2913 carcere
508 2855 695 2932 strangulatus
711 2864 764 2914 est.
800 2855 976 2934 Triumphuri
994 2859 1072 2916 enim

161 2937 196 2996 de
218 2953 254 2996 eo
275 2952 332 2995 non
350 2945 473 3013 poterat,
495 2941 559 3014 quia
575 2938 717 3016 Perperna
734 2940 808 3016 apud
824 2938 990 3018 Pergamum
1010 2939 1072 2999 Ro·

159 3039 232 3081 mam
241 3020 355 3080 rediens
368 3020 441 3080 diem
453 3022 570 3084 obierat.

102 3143 157 3184 Au.
226 3125 398 3188 crexxl.
426 3125 457 3185 L.
476 3125 602 3186 Caecilio
617 3126 735 3187 Metello
758 3136 786 3187 et
804 3125 987 3199 TsQuinotio
1004 3125 1071 3188 Fla·

109 3210 265 3268 ⁶2⁹·mtnin0
284 3228 360 3269 coss.
381 3209 521 3289 Carthago
540 3213 567 3270 in
585 3211 681 3271 Africa
703 3213 782 3270 iussu
805 3220 918 3270 senatus
939 3222 1071 3288 reparata

161 3303 215 3369 est,
229 3311 300 3371 quae
312 3312 384 3352 nunc
397 3304 500 3369 manet,
519 3297 599 3354 anuis
612 3295 720 3354 duobus
737 3303 765 3353 et
778 3296 877 3372 viginti
891 3304 970 3372 post,
985 3312 1070 3372 quam

159 3395 174 3436 a
187 3378 321 3455 Scipione
337 3378 428 3437 iuerat
440 3396 550 3437 eversa.
574 3379 697 3439 Deducti
713 3397 748 3438 eo
761 3387 825 3438 sunt
846 3381 923 3437 cives
938 3378 1070 3438 Romani.
