2266 3832
349 216 393 297 11,
406 220 456 280 20.
470 220 507 280 21
523 217 597 305 [1111,
613 219 767 308 10-11].
1021 227 1064 291 97

54 416 156 483 XXI.
179 416 364 481 BELLVM
384 416 479 482 CVM
492 416 695 485 ANTONIO
707 419 768 482 ET
781 419 1061 490 CLEOPATRA.

142 550 248 615 Furor
273 550 409 614 Antonii
436 557 595 635 quatenus
623 574 683 636 per
709 546 865 617 ambitum
892 576 958 619 non
994 573 1059 639 1111,
1081 563 1121 629 ll

53 642 185 721 poterat
205 634 353 713 interire,
375 632 457 697 luxu
475 640 507 696 et
523 633 659 698 libidine
679 636 842 700 extinctus
859 645 918 701 est.
942 640 1062 725 quippe

54 725 226 801 cumpost
245 715 383 780 Parthos
405 736 524 781 exosus
544 738 635 781 arma
655 719 690 782 in
710 720 775 784 otio
799 728 923 803 ageret,
946 733 1060 807 captus

16 816 168 867 samone
187 798 267 865 Oleo
290 806 380 863 atrae
402 801 496 885 quasi
516 799 600 864 bene
619 803 721 885 gestis
738 802 835 866 rebus
858 804 892 867 in
910 807 1003 889 regio
1025 828 1061 871 se

56 886 134 950 sinn
153 821 329 947 reficiebat.
362 882 439 946 binc
459 882 576 947 mulier
596 885 763 971 Aegyptia
783 885 825 948 ab
847 886 937 953 ebrio
958 891 1085 975 impe-a

55 976 165 1035 ratore
189 966 330 1053 pretium
356 965 528 1030 libidinum
553 967 735 1032 Romanum
759 969 930 1054 imperium
963 974 1061 1056 petit3

56 1060 92 1117 et
111 1050 261 1135 promisit
279 1049 457 1131 Antonius,
488 1052 581 1135 quasi
598 1051 726 1115 facilior
747 1060 834 1115 esset
854 1052 976 1119 Partho
998 1056 1061 1120 Ro

55 1154 184 1199 manus.
212 1132 314 1217 igitur
342 1134 449 1219 coepit
475 1154 542 1197 non
570 1134 633 1198 sibi
662 1134 914 1200 dominationem
943 1152 1086 1223 parares

22 1230 122 1281 ronco
139 1216 252 1315 tacitez
275 1216 332 1280 sed
353 1218 492 1300 patriae,
514 1218 669 1298 nominis,
690 1226 801 1302 togae,
823 1218 962 1284 fascium
981 1222 1061 1286 obli·

54 1310 111 1365 tus
132 1306 219 1365 totus
240 1320 277 1362 m
295 1307 474 1364 monstrum
492 1299 574 1364 illud
595 1308 632 1364 ut
652 1309 776 1383 mente,
798 1303 844 1366 ita
861 1305 968 1369 animo
984 1326 1061 1390 quo-

55 1404 122 1471 que
148 1380 302 1467 cultuque
323 1382 516 1447 desciverat.
546 1404 680 1447 aureum
710 1385 746 1448 in
772 1406 871 1449 manu
897 1386 1060 1470 baculum,

54 1468 93 1533 in
110 1464 213 1531 latere
233 1466 397 1546 acinaces,
424 1487 587 1552 purpurea
607 1468 709 1531 vestis
735 1469 922 1566 ingentibus
945 1469 1061 1535 obstri-

56 1558 112 1615 cta
136 1549 288 1635 gemmis:
320 1549 470 1613 diadema
497 1549 622 1632 deerat,
651 1557 688 1613 ut
711 1573 826 1635 regma
854 1575 915 1617 rex
937 1555 1001 1617 eti
1026 1576 1061 1617 se

21 1632 230 1699 ¹ll'rueretur.
266 1632 308 1696 ad
328 1632 464 1717 primam
488 1654 647 1698 novorum
668 1643 813 1699 motuum
837 1635 959 1700 famam
1008 1658 1087 1707 aaa

56 1738 114 1783 sar
128 1736 151 1779 a
167 1714 343 1779 Brundisio
364 1716 548 1797 traiecerat,
574 1724 611 1780 ut
635 1718 781 1781 venienti
806 1718 892 1783 bello
915 1740 1061 1785 occurre·

55 1808 125 1881 rot,
146 1798 325 1897 positisque
347 1799 462 1863 castris
490 1801 525 1862 in
545 1799 647 1885 Epiro
666 1822 761 1865 omne
782 1800 859 1865 litus
878 1803 1059 1883 Actiacum,

55 1878 258 1951 Leucadiam
277 1880 418 1945 maulam
434 1890 639 1970 montemque
660 1883 826 1948 Leucaten
848 1893 880 1948 et
892 1885 1062 1951 Ambracii

57 1968 151 2033 sinus
166 1985 288 2031 cornua
304 1964 425 2029 infesta
441 1965 546 2030 classe
561 1969 776 2031 succinxerat.
794 1966 889 2031 nobis
908 1969 1088 2054 quadrin-5

22 2056 49 2097 ²⁰
56 2058 177 2137 gantae
204 2047 342 2135 amplius
368 2069 484 2130 naves,
516 2050 675 2113 ducentae
696 2051 803 2114 minus
823 2050 980 2133 hostium3
1003 2052 1062 2116 sed

55 2153 228 2199 nurnemm
247 2131 437 2217 magnitudo
459 2132 628 2218 pensabat.
658 2133 778 2218 quippe
804 2154 824 2196 a
843 2134 930 2197 senis
951 2136 986 2198 in
1005 2156 1061 2199 no-

56 2236 160 2282 venos
181 2237 344 2280 remorum
365 2216 510 2297 ordines,
539 2215 664 2281 adhoc
684 2216 828 2280 turribus
851 2226 948 2304 atque
969 2217 1062 2281 tabu-

56 2300 133 2365 latis
165 2298 336 2364 adlevatae
367 2299 573 2365 castellorum
607 2299 663 2363 vel
694 2299 823 2364 urbium
854 2300 963 2385 specie
995 2323 1062 2366 non

57 2384 130 2449 sine
149 2384 273 2469 gemitu
286 2384 385 2447 maris
402 2389 435 2447 et
448 2382 559 2448 labore
570 2392 740 2449 ventorum
756 2383 960 2466 ferebantur3
977 2405 1060 2471 quae

24 2466 194 2555 ”quidem
210 2465 283 2553 ipsa
302 2466 403 2532 moles
425 2467 525 2532 exitio
548 2467 620 2531 fuit
644 2466 794 2532 Caesaris
811 2488 912 2533 naves
934 2467 1086 2531 abinisss

55 2550 141 2615 remi
237 2551 273 2614 in
294 2570 389 2614 senos
411 2571 472 2613 nec
492 2550 629 2636 amplius
644 2551 774 2615 ordines
793 2559 980 2633 creverant3
1002 2553 1061 2615 ita-

57 2654 123 2721 que
186 2630 270 2698 biles
290 2635 326 2698 in
347 2634 456 2699 omnia
478 2655 560 2721 quae
580 2655 658 2697 usus
676 2642 839 2718 posceret,
861 2634 904 2699 ad
921 2635 1061 2719 impetus

57 2724 93 2783 et
111 2736 264 2781 recursus
289 2715 459 2803 flexusque
486 2716 676 2801 capiendos,
704 2717 778 2781 illas
806 2738 924 2802 graves
953 2728 986 2780 et
1020 2716 1063 2780 ad

58 2800 169 2865 omnia
188 2800 396 2899 praepeditas
418 2800 564 2899 singulas
586 2800 696 2885 plures
718 2799 851 2864 adortae
871 2800 1061 2880 missilibus,

22 2882 158 2951 rosimul
178 2891 308 2965 rostris,
331 2883 373 2948 ad
392 2883 455 2949 boc
474 2883 605 2969 ignibus
627 2884 720 2947 iactis
741 2884 784 2948 ad
804 2883 975 2947 arbitrium
997 2883 1062 2947 dis-

58 2968 221 3053 sipavere.
248 2988 310 3031 nec
335 2967 403 3031 ulla
429 2989 465 3031 re
491 2968 595 3050 magis
623 2967 787 3033 hostilium
817 2966 983 3050 copiarum
1004 2975 1083 3051 apr

56 3050 169 3137 paruit
187 3050 377 3135 magnardo
394 3072 490 3137 quam
507 3057 581 3196 post
598 3051 779 3114 victoriam.
802 3051 922 3136 quippe
940 3052 1062 3114 inmen-

59 3154 117 3199 sae
138 3132 254 3199 classis
275 3132 483 3217 naufragium
535 3132 597 3198 ello
624 3133 747 3197 factum
767 3141 835 3198 toto
856 3136 939 3198 mari
957 3133 1062 3196 fluita-

57 3214 118 3281 bat
147 3214 359 3305 Arabumque
379 3226 410 3281 ct
422 3215 622 3281 Sabaeorum
642 3226 673 3280 et
691 3216 779 3280 mille
795 3218 896 3280 Asiae
917 3218 1063 3301 gentium

25 3300 144 3387 rsepo⁰
197 3320 342 3387 purpura
371 3320 513 3387 auroque
540 3298 633 3363 inlita
667 3299 802 3364 adsidue
835 3307 922 3363 mota
957 3300 1062 3361 ventis

59 3384 165 3449 maria
183 3382 404 3448 revomebant.
431 3385 537 3468 prima
563 3383 632 3481 dun
652 3382 751 3467 fugae
778 3384 892 3481 regipa
914 3402 988 3446 cum
1007 3402 1090 3461 aug

61 3488 122 3533 rea
138 3486 248 3555 puppe
269 3466 407 3553 veloque
427 3487 589 3552 purpureo
611 3489 645 3529 m
666 3464 767 3530 altum
788 3465 887 3529 dedrt.
915 3487 995 3530 mox
1013 3486 1062 3529 se-

104 3574 219 3619 nonvs.
907 3553 925 3610 7
