2266 3832
441 199 645 258 LlBlilllX.
956 195 999 261 65

86 360 162 441 quod
178 359 404 439 Mogontiacum,
434 380 507 441 quae
524 362 660 423 adversus
678 382 742 423 eum
762 362 952 424 rebellaverat
969 363 999 426 b.

85 445 204 507 heliano
215 463 263 507 res
281 462 371 505 novas
383 445 528 520 moliente,
548 445 731 525 diripiendam
742 447 876 506 militibus
888 447 1000 508 tradere

85 530 233 590 uoluisset.
264 528 332 588 Post
343 547 406 589 eum
420 528 541 605 Marius,
554 530 706 590 vilissimus
720 531 828 608 opifex,
848 548 999 609 purpuram

85 616 197 692 accepit
212 621 240 672 et
252 612 379 673 secundo
395 613 442 673 die
456 614 621 674 interiectus
636 624 688 674 est.
720 615 881 674 Victorinus
897 625 998 692 postea

86 696 235 757 Galliarum
252 699 364 775 accepit
381 699 546 776 imperium,
569 701 612 757 vir
626 696 847 777 strenuissimus,
864 699 915 758 sed
933 718 996 758 cum
1064 726 1067 731 ·

84 784 185 841 nimiae
203 781 326 841 libidinis
342 791 421 841 esset
438 790 466 840 et
490 784 665 842 matrimonia
681 782 772 842 aliena
789 793 992 862 corrumperet,

84 866 258 944 Agrippinae
270 867 384 925 occisus
396 868 570 926 estactuario
584 866 704 946 quodam
715 867 888 927 mautbioaute
900 866 995 927 dolum

85 951 195 1027 imperii
207 951 250 1009 sui
261 964 334 1009 anno
346 949 482 1009 secundo.

148 1034 227 1093 Gur.
249 1033 285 1096 X.
307 1032 380 1093 lluio
397 1035 537 1093 successit
554 1031 683 1092 'letricus
696 1044 825 1112 senator,
848 1038 895 1113 qui
907 1035 994 1114 Aqui·

84 1119 185 1178 taniam
196 1118 303 1177 honore
315 1117 652 1196 praesidisadministrans
663 1118 766 1178 absens
778 1138 794 1179 a
805 1119 995 1179 militibnsim·

84 1211 198 1280 perator
213 1201 321 1261 electus
333 1211 416 1261 estet
430 1201 504 1280 apud
518 1201 695 1280 Burdigalam
704 1220 853 1282 purpuram
866 1205 994 1281 sumpsit.
1049 1193 1067 1212 ‘

84 1285 244 1345 Seditiones
256 1286 355 1346 multas
371 1284 488 1344 militum
501 1285 623 1363 pertulit.
652 1285 710 1346 Sed
725 1287 789 1347 dum
805 1288 874 1347 haec
888 1290 916 1347 in
930 1286 994 1347 Gal·

84 1369 121 1429 lia
132 1378 282 1447 geruntur,
301 1371 329 1428 in
343 1368 458 1428 Oriente
471 1387 523 1447 per
535 1369 708 1430 Odenathum
720 1367 824 1431 Persae
835 1373 903 1431 victi
920 1379 993 1430 sunt.

84 1451 210 1514 betensa
230 1454 325 1529 Syria,
348 1462 463 1531 recepta
481 1453 696 1532 Mesopotamia.
727 1453 825 1534 Usque
846 1455 881 1515 ad
900 1454 991 1515 Otesi-

85 1537 216 1614 phontem
228 1536 390 1597 Odenatbus
402 1539 567 1615 penetravit.

147 1622 231 1681 Gur.
252 1619 302 1681 Xl.
334 1620 375 1682 lta
392 1620 519 1681 Gallieno
536 1640 595 1681 rem
612 1623 754 1700 publicam
773 1622 923 1682 deserente
934 1623 992 1683 Ro·

82 1724 192 1766 inanum
207 1707 356 1784 imperium
377 1707 404 1764 in
416 1704 572 1766 Occidente
591 1724 643 1784 per
654 1705 831 1784 Postumum,
850 1725 902 1784 per
918 1706 991 1766 Ode·

82 1789 196 1850 nathum
207 1791 235 1847 in
247 1788 363 1849 Oriente
376 1798 516 1849 serratum
528 1799 581 1849 εει.
609 1791 648 1868 (V
650 1789 716 1871 lll.)
732 1789 875 1850 Gallienus
886 1793 992 1851 interea

82 1871 234 1932 llediolaui
251 1891 314 1932 cum
324 1872 474 1933 Valeriano
491 1873 575 1934 fratre
594 1876 708 1934 occisus
723 1883 766 1933 est
788 1877 899 1953 imperii
919 1893 991 1934 anuo

81 1974 167 2033 nono,
192 1955 384 2036 Claudiusque
399 1959 425 2015 ei
438 1959 589 2035 successit,
608 1958 767 2018 amilitibus
780 1957 901 2035 electus,
918 1977 989 2018 asc·
1015 1973 1042 2020 P.

82 2049 147 2099 natu
166 2039 324 2118 appellatus
341 2039 496 2117 Augustus.
516 2040 568 2100 llic
580 2039 689 2102 Gothos
701 2041 843 2117 illyricum
857 2041 989 2101 blacedo·
1001 2044 1056 2093 ΟΜ·

81 2125 212 2201 uiamque
226 2132 368 2183 vastantes
380 2126 484 2200 ingenti
499 2123 609 2201 proelio
624 2128 700 2185 vicit.
720 2124 823 2184 Parcus
836 2128 919 2185 virae
930 2141 989 2185 mo·
1000 2113 1047 2157 η’

82 2207 180 2267 destus
198 2216 226 2266 et
242 2209 307 2266 iusti
325 2217 409 2266 tenax
425 2225 457 2265 ao
477 2209 518 2267 rei
539 2207 671 2286 publicae
693 2208 835 2286 gerendae
857 2208 987 2284 idoneus,

81 2293 129 2370 qui
141 2301 232 2352 tamen
249 2293 318 2351 iutra
336 2292 445 2369 imperii
463 2290 606 2350 biennium
619 2292 718 2352 morbo
735 2293 839 2352 interiit
858 2301 887 2352 et
899 2292 989 2352 Diuus
1015 2290 1041 2336 Ρ·

81 2374 239 2454 appellatus
251 2384 304 2434 est.
325 2375 444 2434 Senatus
456 2377 562 2453 ingenti
574 2393 636 2434 eum
646 2377 753 2436 honore
764 2375 920 2454 decoravit,
933 2380 987 2436 sci·
1000 2358 1053 2402 ω·

80 2459 147 2519 licet
164 2469 193 2519 ut
208 2462 235 2519 in
248 2461 324 2519 curia
336 2459 445 2537 clipeus
462 2460 516 2536 ipsi
527 2477 644 2537 aureus,
663 2463 729 2520 item
740 2463 767 2520 in
779 2458 920 2538 Capitolio
933 2471 987 2522 sta·

81 2553 125 2603 tua
138 2561 222 2604 aurea
238 2552 400 2621 poneretur.

144 2628 228 2688 Gar.
245 2625 308 2687 ΧΗ.
336 2625 486 2700 Quintillus
502 2636 568 2706 post
580 2645 661 2706 eum,
684 2627 900 2705 Olaudiiirater,
922 2645 990 2689 con·

81 2731 166 2772 seusu
182 2711 297 2770 militum
314 2713 466 2789 imperator
482 2710 591 2771 clectus
609 2721 668 2788 est,
685 2714 729 2772 vir
744 2714 844 2772 unicae
862 2712 989 2773 modera-

81 2799 165 2855 tionis
189 2805 218 2854 et
235 2794 392 2872 civilitatis,
417 2795 580 2875 aequandus
599 2796 676 2856 fratri
692 2796 739 2856 rel
760 2795 989 2874 praeponendus.

81 2879 230 2940 Consensu
253 2888 366 2938 senatus
381 2879 541 2957 appellatus
565 2880 710 2957 Augustus
735 2881 856 2957 septimo
879 2878 990 2940 decimo

80 2965 125 3023 dic
140 2963 250 3040 imperii
261 2964 374 3022 occisus
390 2971 444 3022 cst.

147 3049 232 3108 Gerr.
244 3044 318 3105 Xlll.
338 3045 418 3126 (lx.)
447 3044 514 3107 Post
532 3065 596 3106 eum
610 3046 778 3107 Aurelianus
795 3048 924 3125 suscepit
940 3049 990 3108 im·
1026 3047 1030 3059 ‘

81 3134 197 3209 perium,
214 3131 302 3190 Dacia
314 3129 433 3208 Ripensi
445 3130 588 3207 oriundus,
601 3133 644 3190 vir
654 3132 682 3191 in
691 3130 769 3190 bello
782 3140 895 3210 potens,
908 3135 990 3192 animi

79 3226 169 3276 tamen
185 3213 326 3275 immodici
348 3213 425 3273 etad
444 3213 636 3274 crudelitatem
652 3215 859 3293 propensioris,
883 3218 988 3295 quique
1013 3236 1039 3278 r.

79 3298 188 3359 Gothos
209 3298 402 3359 strenuissime
423 3298 501 3356 vicit.
531 3297 684 3358 Romanam
701 3298 841 3359 dicionem
860 3298 895 3359 ad
919 3301 1055 3359 uuest-1⁴·

81 3383 311 3501 prippirppp1uparia
337 3380 474 3441 bellorum
498 3380 633 3441 felicitate
653 3384 807 3442 revocavit.
840 3383 989 3460 Superavit
1006 3373 1052 3414 ²⁷¹·

833 3469 852 3523 5

1001 2429 1047 2470 m.
