2266 3832
437 224 645 276 PRAEFATIO.
1041 228 1098 276 VII

10 375 74 428 tant
91 370 243 427 accercitum
258 367 357 441 papali
365 366 487 426 Romani
498 368 610 442 faisse?
633 371 694 441 Ego
708 370 819 441 quidem
837 386 894 424 non
905 370 1006 437 video,
1025 372 1095 441 quid

10 441 92 510 'nhao
108 453 222 510 dicendi
242 454 348 508 ratione
366 450 529 510 ‘exercitam
542 456 640 526 papali
652 454 689 510 R.
704 468 738 509 ea
756 456 853 510 virtute
868 455 978 508 rnilitum
990 453 1094 525 fur'sse’

10 543 75 594 ecte
91 536 259 610 reprehendi
271 538 371 608 possit.
397 539 506 606 Lectio,
519 554 602 609 qnam
617 539 701 593 habet
716 537 829 594 lahnius
845 537 919 610 ‘qais
932 553 998 611 erpo
1009 542 1093 594 mire-

10 634 43 678 sr
63 624 102 678 eis
120 621 255 690 maritas,
276 635 310 676 ea
326 623 424 677 uirtute
439 612 550 676 militum
570 623 698 678 victorem
715 623 848 693 papatum
862 623 899 678 R.
911 622 1040 694 fnisset’
1056 640 1094 680 ex

10 707 211 776 aterpolatione
226 711 286 761 orta
298 711 350 760 est.
361 733 405 744 —
418 711 461 771 20,
479 709 512 764 14
522 708 560 761 ita
572 712 635 777 ante
650 707 777 761 timuerat
788 713 899 776 praeter
911 707 933 761 Β
949 707 1032 761 etiam
1045 711 1093 764 ab·

10 796 40 845 st
63 793 96 845 ab
116 791 164 860 lep
179 792 221 858 (et
241 789 296 856 ht)
312 793 339 843 et
356 806 413 844 vox
428 788 575 844 adiecticia
588 789 709 845 videtur.
724 818 768 828 —
781 794 830 862 20,
841 795 875 848 25
891 791 920 845 in
934 789 986 846 doc
1000 796 1091 846 certa·

10 875 69 928 nite
83 874 121 929 B:
146 879 171 928 et
183 875 211 928 in
222 873 274 928 ltoc
286 875 434 928 certamine
448 872 507 928 ΝΟ.
522 901 566 911 ·-
581 878 630 939 21,
647 876 665 929 4
685 873 792 928 restitui
810 880 934 928 veterem
947 875 1092 946 vulgatam

10 963 33 1015 'a
48 972 120 1029 qnae
142 974 192 1028 pro
214 958 305 1028 itaque
320 955 422 1024 (BNO)
438 962 464 1010 et
474 956 614 1026 posterius
628 956 720 1012 adduc
735 958 763 1011 in
778 957 838 1011 solo
854 957 876 1012 B
892 964 1036 1012 servatum
1050 959 1093 1013 iu·

10 1040 79 1097 lusi.
104 1042 222 1096 Prorsus
239 1045 332 1094 tamen
348 1039 459 1095 abicere
471 1041 557 1106 nolui,
573 1057 637 1095 cum
653 1041 753 1096 similis
765 1041 945 1111 neglegentia
957 1041 1091 1096 orationis

12 1124 80 1179 tiam
92 1141 119 1194 p.
132 1128 179 1190 19,
191 1129 226 1182 20
243 1124 271 1179 in
285 1124 403 1194 repetito
416 1125 500 1197 qnasi
517 1130 690 1193 compareat:
709 1126 755 1179 cui
771 1126 855 1196 qnasi
864 1124 899 1178 ab
916 1139 1006 1197 anpne
1019 1123 1087 1180 Ler-

10 1221 65 1262 aeo
84 1213 121 1262 tot
138 1221 222 1262 caesa
242 1207 357 1262 nostiam
372 1208 466 1278 capita
486 1208 568 1279 quasi
580 1207 615 1261 de
627 1210 761 1279 sanguine
776 1222 826 1262 sno
840 1213 1035 1263 renascantur.
1048 1237 1092 1247 —

13 1297 43 1356 1,
63 1293 94 1347 17
111 1291 162 1345 sed
177 1289 223 1345 iiic
238 1290 333 1345 melior
346 1291 422 1358 (soil.
438 1306 522 1361 quam
539 1288 718 1357 Coriolanus)
739 1292 779 1346 N:
799 1290 852 1345 sed
863 1291 933 1346 haec
948 1293 1043 1347 melior
1057 1291 1090 1357 B,

10 1375 46 1431 ed
61 1373 188 1428 inmitior
207 1373 228 1428 Ο
246 1389 282 1428 cx
296 1374 368 1428 coni.
381 1373 567 1428 Mommsenii.
581 1403 625 1415 -
640 1380 684 1442 21,
700 1379 735 1432 22
750 1375 850 1444 reliqui
870 1375 1018 1429 lectionem
1030 1376 1092 1430 vul·

13 1465 90 1514 atain
104 1458 207 1527 ‘prima
221 1457 360 1512 discordia
371 1457 403 1512 ab
414 1459 588 1528 inpotentiam
596 1457 802 1529 feneratorum'
809 1479 819 1519 ;
833 1473 1010 1528 quamquam,
1026 1473 1092 1512 cum

10 1551 13 1592 t
27 1542 132 1596 habeat
146 1541 179 1596 ab
193 1543 355 1612 inpotentia,
373 1540 526 1596 admodum
540 1558 698 1612 propensus
717 1558 794 1597 eram
809 1541 844 1596 ab
865 1542 1012 1612 inpotentia
1029 1543 1091 1596 scil.

10 1629 95 1682 corta
111 1631 151 1679 est
169 1624 332 1680 emendare.
347 1655 390 1664 —-
403 1629 453 1694 22,
469 1629 504 1684 13
519 1624 628 1681 addidit
638 1626 753 1681 Iahnius
765 1642 800 1680 cx
816 1642 880 1680 mea
894 1624 1090 1680 emendatione

10 1725 50 1764 αα
74 1715 137 1762 ante
153 1710 287 1781 quodamr
310 1725 393 1780 quam
413 1725 477 1764 cum
497 1711 604 1765 amicus
628 1726 708 1764 meus
727 1710 763 1765 ita
780 1709 919 1781 refingere
937 1710 1035 1777 vellet,
1061 1714 1090 1763 ut

11 1792 88 1846 otius
98 1807 170 1864 qaae
184 1792 346 1848 addendum
361 1798 503 1858 censeret,
519 1809 619 1848 moneo
635 1795 785 1848 verborum
799 1794 929 1848 iniuriam
955 1809 1012 1848 non
1033 1793 1093 1846 tulit

10 1876 151 1931 abiectum
163 1892 227 1930 esse
240 1893 296 1931 non
306 1892 396 1946 soror,
413 1875 465 1931 sed
478 1875 560 1932 Stolo.
573 1906 616 1916 -—
626 1880 708 1945 22,25
721 1877 767 1932 ubi
780 1876 863 1931 codd.
879 1892 977 1930 mance
988 1875 1092 1930 habent

10 1959 152 2028 tarpitione
169 1959 292 2015 Cassium
313 1962 431 2031 apraria
448 1961 506 2030 lepe
520 1967 675 2029 suspectum
692 1963 786 2032 repiae
800 1960 990 2015 dominationis
1002 1972 1085 2029 prae·

10 2043 66 2096 sati
81 2045 167 2096 morte
185 2045 308 2098 multavit
322 2043 424 2112 scripsi
445 2058 482 2096 ex
498 2044 603 2101 incerta
622 2044 800 2098 coniectura:
829 2044 952 2100 Cassium
973 2043 1091 2112 agraria

10 2137 67 2196 epe,
86 2122 216 2180 Maelium
230 2126 375 2197 tarpitionc
386 2130 542 2195 suspectam
559 2133 627 2193 etc,
642 2142 704 2180 cnm
721 2127 857 2180 noluerim
869 2127 897 2178 in
909 2127 955 2180 tali
968 2124 1090 2179 editione

10 2222 125 2261 rounam
138 2207 166 2260 in
181 2214 279 2279 aperta
291 2209 427 2263 sententia
442 2210 609 2278 relmqnere.
632 2209 732 2264 Contra
743 2225 770 2279 p.
778 2211 822 2278 23,
835 2213 899 2266 tex
911 2213 986 2263 certa
997 2225 1091 2263 emen-

12 2290 110 2346 atione
128 2291 195 2345 mihi
214 2291 363 2363 scripsisse
378 2291 494 2349 videor:
517 2297 570 2347 tum
586 2294 631 2349 ille
647 2306 711 2348 aere
726 2293 853 2347 romanas
873 2299 898 2346 et
916 2293 1020 2348 iuvenis
1032 2308 1091 2362 ραν

10 2373 57 2428 rbi
68 2379 208 2429 terraram
219 2390 279 2432 csse
289 2378 384 2446 coepit.
406 2376 499 2446 Vulgo
512 2378 657 2432 scribitur:
677 2381 732 2432 tam
746 2377 790 2430 ille
804 2395 828 2433 a.
841 2376 966 2433 robustas
980 2381 1006 2429 et
1015 2377 1089 2432 inae-

10 2461 37 2513 is
57 2461 83 2511 et
98 2474 155 2526 par
172 2465 225 2515 etc.
256 2458 315 2515 Sed
326 2476 388 2516 cum
400 2460 463 2514 inB
478 2467 504 2515 et
518 2467 580 2514 ante
595 2462 698 2518 invenis
715 2460 802 2526 desit,
823 2461 939 2531 copula,
959 2474 1030 2529 quae
1044 2457 1089 2513 hic

10 2543 174 2609 ecessaria,
197 2549 260 2599 ante
273 2561 332 2615 ραν
343 2544 445 2599 vitiosa
462 2551 518 2611 est,
530 2545 621 2600 locum
638 2561 719 2600 suum
730 2544 986 2599 videturmutasse.
1019 2542 1090 2598 Nam

10 2626 41 2680 ui
64 2627 264 2682 sententiarum
284 2644 385 2682 nexum
398 2633 473 2682 recte
485 2627 680 2699 perpenderit,
702 2629 855 2698 intelleget,
878 2628 993 2697 opinor,
1012 2624 1089 2680 adie-

10 2711 100 2763 tivum
111 2725 170 2780 par
185 2713 275 2766 solum
295 2728 359 2766 esse
376 2711 569 2782 praedicatum
588 2713 708 2765 nominis
726 2711 784 2775 ilie,
806 2717 903 2765 contra
917 2708 1049 2765 ,robustas
1065 2714 1091 2763 et

10 2793 99 2849 caenis
115 2795 176 2849 eius
192 2796 319 2849 attributa
334 2811 405 2866 quae
418 2803 563 2852 vocantur.
576 2825 618 2834 -
628 2801 672 2862 23,
687 2801 718 2853 15
734 2795 884 2849 abscissam
899 2794 938 2846 ll:
954 2792 1090 2846 abscisam

10 2874 80 2930 ῑΝΟ.
102 2906 144 2915 -
165 2881 214 2945 23,
227 2882 262 2934 28
277 2879 455 2935 dimicaretur
466 2879 502 2933 B:
517 2880 660 2934 dimicaret
672 2878 731 2934 ΝΟ.
754 2907 797 2918 -
817 2880 912 2944 24,18
928 2877 1010 2946 posui
1025 2883 1090 2946 post

10 2973 148 3030 ppressns
167 2978 290 3031 comma,
310 2980 344 3016 ne
365 2965 427 3033 quis
439 2979 589 3034 oppressus
597 2961 667 3034 fuit,
698 2978 768 3033 quac
782 2962 886 3015 vitiosa
901 2967 977 3015 esset
994 2966 1089 3031 synta-

12 3047 39 3098 is
58 3044 109 3111 (cl.
122 3044 261 3116 Madvigii
278 3047 382 3117 Opusc.
401 3046 493 3102 Acad.
504 3048 543 3114 ll,
555 3064 584 3117 p.
597 3051 649 3105 218
661 3047 749 3117 sqq),
770 3045 932 3114 coniungat.
946 3072 989 3082 —
999 3047 1043 3109 24,
1056 3047 1092 3102 38

11 3142 97 3182 omen
109 3127 205 3184 Naatii
218 3129 309 3184 firmat
325 3131 368 3196 lb,
387 3132 413 3184 in
429 3147 482 3200 quo
495 3133 653 3187 estnaacio.
668 3159 710 3167 —
720 3134 769 3197 25,
785 3133 819 3188 13
829 3129 970 3183 cecidisset
984 3128 1028 3196 lp:
1046 3140 1091 3180 ce-

11 3213 79 3266 isset
99 3211 198 3268 BNlbh
214 3213 279 3282 (sed
302 3214 323 3267 B
345 3215 500 3284 coepisset).
524 3244 566 3254 -
592 3221 635 3281 25,
651 3220 681 3271 l5
695 3215 784 3282 ipsam
800 3219 885 3282 caput
899 3210 961 3264 belli
972 3209 1090 3264 Cartha-

10 3298 83 3348 incm
104 3295 152 3350 BN
167 3296 233 3364 (sed
249 3296 373 3366 Bipsa):
413 3300 501 3367 ipsam
512 3300 615 3368 (msam
631 3298 674 3368 lp)
688 3296 750 3351 belli
767 3302 851 3365 capnt
865 3295 893 3350 C.
910 3293 954 3349 10.
996 3293 1090 3347 Lectio

10 3392 100 3446 asam,
120 3381 200 3434 cuius
216 3382 278 3435 loco
298 3381 378 3436 facile
395 3382 457 3451 quis
475 3383 553 3436 malit
568 3384 671 3452 ipsam,
694 3379 818 3433 firmatur
831 3379 892 3432 loco
909 3376 1048 3432 simillimo
1059 3393 1089 3448 p.

10 3466 69 3529 6,8
87 3463 189 3534 etipsa
205 3471 291 3535 capnt
309 3464 416 3520 artam
433 3465 543 3536 Capua,
566 3480 648 3535 quem
660 3465 752 3518 locum
771 3463 862 3532 aptius
878 3478 941 3515 oum
953 3460 1007 3515 hoc
1024 3476 1098 3514 con-1
