2266 3832
371 232 767 320 11,1-3[111,13-15].

231 448 277 514 II.
311 445 494 513 SEDITIO
517 448 672 512 TIBERI
693 447 907 514 GRACCHI.

151 566 295 631 Primam
316 571 524 633 certaminum
545 571 651 633 t'ac'em
674 568 725 633 Ti.
737 569 903 634 Gracchus
924 571 1131 650 accen-111,l

65 650 124 733 dit,
169 671 275 733 onere,
296 650 410 732 forma,
432 652 615 751 eloquentia
635 652 732 716 facile
753 654 914 752 princeps.
944 662 993 716 set
1008 653 1098 736 hic,2

65 735 138 798 sive
193 735 384 798 ancinianae
406 734 589 818 deditionis,
632 739 688 799 uia
707 758 843 821 sponsor
864 737 1006 802 toederis
1024 737 1074 800 fu-

612 759 652 883 de
674 820 855 918 popularis,
876 821 946 884 sive
968 836 1097 918 aequet

41 826 152 899 serat,
180 819 366 902 contagium
385 819 503 882 timens
525 829 556 883 et
576 822 610 883 in

65 910 99 963 ct
114 900 200 967 bono
218 900 342 983 ductus,
365 903 441 987 quia
457 902 624 988 depulsam
646 925 734 987 agris
751 905 817 967 suis
832 902 962 989 plebem
978 925 1073 967 m1se-

63 993 154 1048 ratus
171 992 228 1066 est,
248 1006 289 1049 ne
306 985 444 1070 populus
465 988 611 1070 gentium
628 988 732 1052 victor
743 985 894 1072 orbisque
905 1009 1074 1072 possessor

64 1066 188 1131 laribus
209 1089 248 1131 ac
267 1068 349 1133 focis
369 1070 437 1132 suis
464 1068 625 1151 exularet,
653 1091 854 1155 quacumque
875 1078 982 1133 mente
1004 1093 1073 1134 rem

64 1172 164 1215 ausus
184 1152 349 1235 ingentem
371 1161 429 1215 est.
462 1161 633 1238 postquam
656 1155 835 1237 rogationis
856 1154 926 1216 dies
949 1153 1100 1234 adorate

29 1259 58 1302 ro
66 1236 193 1319 ingenti
213 1235 348 1320 stipatus
370 1236 500 1320 agmine
520 1245 626 1300 rostra
646 1236 849 1317 conscendit,
881 1258 941 1300 nec
961 1237 1074 1301 deerat

64 1317 164 1383 obvia
179 1339 276 1382 manu
292 1326 361 1383 tota
382 1318 457 1382 inde
476 1318 648 1401 nobilitas,
670 1328 702 1382 et
721 1318 844 1383 tribuni
864 1320 1072 1405 inpartibus.

64 1410 115 1465 set
134 1401 193 1466 ubi
212 1401 466 1466 intercedentem
485 1403 515 1466 le
541 1402 612 1466 ‘bus
635 1404 702 1466 suis
727 1402 764 1467 C.
789 1403 962 1467 Octavium
981 1404 1099 1467 videti>

64 1484 249 1567 Gracchus,
270 1493 383 1550 contra
402 1485 452 1548 fas
474 1486 524 1550 col
539 1488 618 1570 egii,
641 1487 736 1568 iuris,
759 1487 930 1571 potestatis
952 1487 1072 1550 iniecta

62 1590 162 1633 manu
181 1567 305 1654 depulit
325 1572 454 1650 rostris,
481 1569 627 1655 adeoque
653 1570 817 1668 praesenti
844 1578 933 1633 metu
959 1572 1072 1635 mortis

27 1654 238 1733 rsexterruit,
272 1661 309 1715 ut
336 1651 488 1716 abdicare
517 1674 551 1715 se
578 1662 769 1737 magistratu
797 1661 980 1736 cogeretur.
1025 1654 1098 1718 sic6

61 1736 213 1799 triumvir
235 1744 361 1800 creatus
381 1735 566 1800 dividendis
589 1737 677 1820 agris
700 1758 773 1801 cum
794 1736 837 1800 ad
854 1738 1074 1822 perpetranda

61 1827 178 1917 coepta
199 1818 252 1883 die
274 1820 475 1883 comitiorum
496 1822 666 1905 prorogari
688 1819 751 1884 sibi
770 1819 869 1884 vellet
889 1820 1073 1906 imperium,

62 1901 162 1967 obma
175 1901 327 1968 nobilitas
339 1923 437 1966 manu
449 1924 568 1984 eorum,
605 1925 664 1968 uos
682 1905 770 1986 agris
782 1911 937 1984 moverat,
954 1904 1072 1968 cedere

61 2006 83 2048 a
96 1985 168 2051 foro
187 2006 245 2051 coe
271 1987 303 2048 't.
329 1985 405 2049 inde
425 2007 498 2049 cum
519 1987 554 2048 in
601 1986 768 2071 apitolium
787 1986 986 2071 profugisset
1002 1987 1097 2072 ple-7

29 2068 203 2156 tabemque
224 2089 244 2132 a
286 2069 508 2134 defensionem
530 2069 643 2133 salutis
664 2089 741 2133 suae
762 2090 861 2133 manu
883 2079 980 2168 caput
1000 2080 1071 2133 tan-

104 2174 144 2216 ns
164 2152 356 2234 hortaretur,
378 2151 529 2238 praebuit
549 2176 564 2217 s
589 2154 690 2216 eciem
708 2174 845 2236 regnum
868 2151 932 2215 sibi
952 2161 985 2216 et
1002 2153 1070 2218 dia-

61 2174 159 2301 dina
178 2238 352 2336 poscentis,
373 2236 479 2382 adqpe
500 2238 547 2300 ita
565 2175 650 2300 duce
672 2234 822 2321 Scipione
843 2232 972 2318 Nasica,
995 2257 1070 2302 con-

31 2320 161 2385 ‘citato
182 2342 218 2384 1n
238 2340 329 2383 arma
348 2340 434 2405 popu
449 2342 483 2400 o,
506 2321 599 2405 quasi
614 2321 684 2383 iure
707 2340 879 2404 oppressus
901 2327 960 2382 est.

280 2453 342 2518 III.
372 2450 553 2517 SEDITIO
577 2451 614 2517 C.
637 2450 850 2517 GRACCHI.

24 2600 52 2643 ss
148 2570 264 2637 Statim
277 2579 310 2635 et
327 2572 439 2636 mortis
456 2579 488 2634 et
507 2569 617 2654 legum
634 2569 743 2634 fratris
766 2571 817 2634 sui
830 2570 954 2634 vindex
970 2572 1133 2651 non111,l

58 2657 186 2721 minore
200 2657 323 2740 impetu
345 2653 479 2718 incaluit
498 2651 535 2718 C.
552 2653 730 2717 Gracchus.
765 2655 820 2738 qui
841 2674 915 2716 cum
930 2655 1003 2738 pari
1018 2660 1093 2717 tir-2

58 2738 165 2805 multu
181 2747 277 2824 atque
295 2747 419 2802 terrore
440 2735 568 2822 plebem
589 2738 624 2800 in
644 2738 749 2801 avitos
768 2757 864 2819 agros
882 2746 1070 2818 arcesseret,

59 2832 94 2889 et
108 2831 273 2887 recentem
290 2821 393 2899 Attali
409 2819 623 2884 hereditatem
643 2821 678 2883 in
699 2820 853 2883 alimenta
872 2821 991 2904 populo
1003 2820 1071 2904 pol·

58 2906 229 2988 liceretur,
257 2907 386 2990 iamque
414 2904 533 2966 nimius
560 2912 592 2966 et
612 2905 761 2988 inpotens
780 2904 882 2968 altero
903 2902 1096 2967 tribunatu3

25 2989 207 3061 acsecunda
222 2988 317 3074 plebe
332 2988 493 3068 volitaret,
517 2986 674 3070 obrogare
693 3006 772 3051 auso
787 2985 914 3070 legibus
928 2988 994 3050 suis
1009 2986 1097 3050 Mna

57 3074 157 3139 nucio
166 3072 308 3153 tribuno,
331 3071 433 3135 fretus
449 3072 601 3135 comitum
615 3091 712 3133 manu
725 3071 825 3134 fatale
837 3070 980 3133 familiae
992 3091 1070 3134 suae

59 3156 259 3244 Capitolium
277 3157 409 3219 invasit.
443 3154 519 3218 inde
543 3154 766 3239 proximorum
793 3153 892 3216 caede
915 3152 1098 3237 depulsuss

59 3263 135 3307 cum
156 3261 191 3304 ss
217 3241 253 3303 in
273 3239 474 3303 Aventinum
497 3237 689 3321 recepisset,
719 3237 795 3301 inde
823 3257 950 3322 quoque
972 3232 1071 3298 obvia

60 3332 193 3391 senatus
209 3344 309 3388 manu
330 3321 372 3385 ab
389 3321 517 3407 Opimio
539 3319 671 3384 consule
694 3342 733 3405 op
757 3341 866 3384 ressus
885 3327 944 3382 est.
968 3315 1096 3380 insul-e

26 3416 166 3475 astatum
197 3427 304 3505 uoque
319 3407 431 3471 mortis
446 3405 602 3490 reliquiis,
621 3411 652 3466 et
666 3343 756 3468 illud
762 3408 1001 3467 sacrosanctum
1019 3418 1070 3462 ca-

61 3500 123 3579 put
137 3430 263 3557 tribum
282 3489 387 3575 plebis
408 3485 650 3570 percuemribua
674 3507 746 3542 aur*
770 3492 972 3594 “mensatim
