2266 3832
88 216 129 277 34
454 226 560 275 neom
578 226 744 276 arraona.

44 390 80 441 59
88 388 198 444 terunt
217 378 274 442 diu
291 388 403 442 mutua
419 378 633 442 admiratione
647 376 757 441 defixi.
793 375 854 440 ubi
874 376 918 442 de
933 400 1019 464 paee
1034 400 1094 444 non

45 472 80 522 oo
90 464 250 543 convenit,
267 463 361 559 signa
377 462 533 525 cecinere.
561 468 688 526 constat
702 460 874 606 utriusplue
888 461 1094 527 confessione

89 568 151 611 nec
167 545 281 625 melius
299 545 417 607 mstrui
435 545 538 607 aciem
557 564 619 607 nec
642 544 749 607 acrius
791 564 811 607 o
835 544 917 607 risse
939 547 1094 631 pugnari3

89 630 151 694 hoc
166 627 274 711 Scipio
293 627 333 690 de
350 627 533 708 Annibalis,
554 624 698 689 Annibal
713 625 754 689 de
767 564 936 711 Scipionis
951 629 1094 692 exercitu

44 745 77 795 61
89 711 369 796 praedicaverunt.
394 710 451 774 sed
461 719 570 774 tamen
577 707 722 773 Annibal
731 710 838 790 cessit,
850 712 1110 796 praemiumque}

89 795 246 940 viptoriae
257 792 372 856 Africa
386 793 448 856 fuit
466 802 498 856 et
510 799 639 856 secutus
649 792 797 856 Africam
815 793 1094 858 statimterrarnm

90 899 127 940 or
151 899 189 939 1s.

147 1007 279 1072 XXIII.
296 1007 482 1071 BELLVM
497 1004 834 1073 MACEDONIOVM
844 1004 1038 1071 PRIMVM.

19 1112 87 1192 21,7
174 1126 253 1190 Post
275 1123 506 1209 Carthaginem
524 1125 613 1188 vinci
632 1124 795 1187 neminem
815 1122 945 1208 puduit.
986 1124 1093 1187 statim

89 1210 237 1275 Africam
248 1217 377 1307 secutae
390 1217 465 1271 sunt
467 1217 597 1354 (gentes,
616 1205 816 1307 Macedonia,
829 1204 981 1288 Graecia,
998 1204 1117 1292 Syriae

90 1303 261 1380 ceteraque
276 1313 383 1357 omma
402 1312 464 1375 quo
489 1313 542 1354 am
560 1312 654 1377 quasi
669 1298 761 1354 aestu
779 1298 811 1352 ct
831 1298 979 1355 torrente
995 1290 1093 1356 fortn-

65 1386 165 1458 2nae,
184 1376 243 1440 sed
253 1376 349 1460 primi
361 1375 503 1439 omnium
512 1373 719 1455 Macedones,
738 1371 920 1438 adfectator
932 1372 1094 1459 quondam

90 1461 219 1546 imperii
235 1458 385 1543 populus.
413 1459 523 1542 itaque
545 1458 693 1542 quamvis
714 1465 783 1519 tum
799 1455 974 1542 Philippus
995 1478 1032 1520 re
1076 1476 1094 1520 o

89 1542 299 1630 praesideret,
317 1541 455 1604 Romani
471 1550 580 1603 tamen
597 1540 751 1604 dimicare
770 1538 833 1602 sibi
844 1559 919 1602 cum
928 1560 1010 1624 rege
1065 1560 1094 1602 e

66 1624 218 1690 3xandro
236 1623 441 1686 videbantur.
472 1624 718 1689 Macedonicum
738 1620 860 1685 bellum
880 1623 1014 1687 nomine
1032 1631 1118 1686 am·¹⁵

66 1724 84 1771 4
115 1708 178 1771 lius
190 1727 286 1791 quam
298 1708 496 1789 spectatione
504 1709 610 1789 gentis
622 1707 694 1770 fuit.
705 1726 804 1769 causa
814 1705 921 1804 coepit
931 1727 953 1768 a
962 1705 1094 1771 foedere

87 1730 241 1874 lhilippi,
282 1810 324 1851 uo
341 1810 402 1851 rex
418 1790 483 1852 iam
498 1790 625 1873 pridem
637 1790 856 1854 dominantem
873 1810 908 1851 111
919 1786 1020 1852 Italia
1029 1789 1093 1852 An-

87 1870 230 1937 nibalem
249 1811 311 1934 sibi
331 1872 454 1935 socium
469 1873 637 1954 iunxerat,
659 1881 773 1972 postea
784 1872 888 1935 crevit
903 1870 1093 2017 inploranti-

87 1955 149 2020 bus
160 1955 298 2019 Athenis
310 1955 468 2019 auxilium
478 1965 590 2021 contra
599 1977 688 2040 regis
699 1956 844 2035 rmurias,
856 1976 930 2019 cum
967 1954 999 2019 le
1010 1954 1095 2018 ultra

88 2042 140 2104 ius
152 2040 308 2105 victoriae
319 2041 352 2102 in
364 2039 485 2124 templa
502 2041 534 2102 'et
549 2060 622 2102 aras
641 2047 673 2102 et
687 2037 839 2123 sepulcra
855 2039 867 2100 i
891 2058 928 2100 sa
939 2039 1120 2102 saevirem

65 2122 213 2222 oplacuit
235 2125 360 2187 senatui
382 2144 475 2209 opem
497 2124 595 2186 tantis
618 2122 704 2185 ferre
726 2059 938 2206 supplicibus.
975 2122 1094 2268 quippe

89 2229 155 2270 ram
165 2209 311 2291 gentium
327 2229 422 2291 reges
435 2207 544 2288 duces,
561 2205 674 2291 populi
690 2205 837 2268 nationes
853 2204 1019 2289 praesidia
1031 2227 1061 2269 s1
1082 2203 1095 2265 i

60 2296 76 2345 6
90 2289 131 2353 ab
144 2290 205 2353 hac
215 2289 297 2353 urbe
307 2289 507 2388 repetebant.
539 2292 679 2386 primum
694 2289 794 2372 igitur
805 2287 951 2352 Laevino
960 2286 1094 2387 consple

63 2371 843 2538 2ltltttllttffiplttttrttsslt‘gttt
855 2369 1122 2540 {diffiido

90 2533 231 2616 Siciliae,
257 2534 436 2618 Sardiniae,
455 2537 646 2622 Hispaniae,
668 2536 802 2600 Africae
823 2475 1041 2623 praeferebat,
1063 2543 1094 2600 et

88 2619 295 2682 manifestam
307 2620 477 2683 victoriam
486 2629 563 2684 nata
573 2623 608 2683 in
618 2621 780 2704 praetoria
789 2621 892 2766 puppi
901 2619 1013 2684 laurus
1027 2617 1094 2706 pol·

63 2701 260 2766 8licebatur.
289 2703 427 2766 aderats
452 2714 527 2768 onte
543 2706 578 2767 in
589 2702 747 2766 auxilium
756 2704 836 2767 Atta
847 2723 887 2766 us
902 2724 965 2768 rex
972 2701 1094 2787 Perga

88 2806 265 2867 menorum,
278 2786 414 2850 aderant
423 2726 552 2868 dhoet,
564 2788 712 2851 nauticus
723 2787 874 2886 populus,
886 2788 943 2872 qui
952 2786 1096 2851 navibus

89 2889 110 2930 a
125 2870 216 2949 mari,
236 2868 350 2934 consul
366 2891 385 2932 a
401 2872 498 2934 terris
517 2871 624 2935 omnia
641 2870 733 2956 equis
749 2872 894 2970 virisque
913 2868 1124 2956 quatiebat8⁰

63 2948 141 3017 abis
153 2953 269 3032 victus,
280 2952 332 3016 bis
344 2953 380 3016 fu
403 2961 475 3016 atus
487 2975 555 3033 rex,
568 2953 620 3017 bis
633 2962 749 3017 exutus
762 2962 887 3037 castus,
901 2975 976 3017 cum
985 2962 1095 3016 tamen

89 3033 356 3099 nihilterribilius
403 3036 601 3102 acedonibus
612 3036 675 3099 fuit
685 3037 756 3122 ipso
768 3037 938 3103 volnerum
949 3044 1093 3122 aspectu,

91 3138 174 3203 quae
189 3139 255 3182 non
272 3140 287 3181 s
311 3118 406 3183 iculis
428 3140 488 3182 nec
510 3121 637 3204 sagittis
654 3142 714 3183 nec
732 3119 799 3187 ullo
817 3119 978 3187 Graeculo
996 3120 1092 3201 ferro,

91 3200 150 3264 sed
167 3142 353 3285 ingentibus
369 3201 445 3287 pilis
464 3225 525 3267 neo
541 3203 721 3267 minoribus
738 3204 855 3269 adacta
872 3202 991 3288 gladiis
1007 3203 1094 3267 ultra

45 3295 80 3346 10
89 3294 225 3349 mortem
236 3285 400 3370 patebant.
414 3287 578 3350 enimvero
589 3285 772 3352 Flaminino
785 3288 867 3352 duce
877 3288 984 3353 invios
996 3295 1125 3350 anteas

92 3365 261 3432 Chaonum
276 3378 400 3432 montes
410 3370 518 3434 Aoum
539 3391 581 3433 ue
598 3392 725 3433 amnem
740 3393 799 3456 per
816 3371 955 3455 abrupta
971 3370 1092 3435 vaden-

44 3457 155 3519 Jltem
167 3462 199 3515 et
210 3453 281 3537 ipsa
291 3452 502 3518 Macedoniae
513 3393 654 3517 daustra
665 3464 808 3518 penetras
824 3455 917 3516 'mus
940 3453 1093 3518 introisse
