2266 3832
214 251 321 301 aman
342 251 570 300 annuamus.
599 236 917 303 XXXVI-XLII.
1025 242 1068 305 27

251 429 326 494 XL.
369 429 518 494 BEILA
542 429 715 496 CIVILIA
736 430 868 512 QVOT.

145 555 266 622 Civilia
281 555 369 621 bella
389 566 541 642 quattuor
560 567 648 621 mota
669 568 744 622 sunt
763 560 798 623 in
813 560 894 625 urbe
916 562 1089 630 altonis-t

54 642 122 709 nis.
167 639 275 706 Civile
301 639 424 705 bellum
443 642 583 725 primum
604 640 768 726 Sulpicius
799 643 949 709 tribunus
979 649 1065 712 exci-

53 726 157 806 tavit,
180 723 269 809 quod
289 733 472 809 susceptam
492 726 696 871 provinciam
708 725 960 791 Mithridaticam
974 727 1066 795 Sulla

31 808 246 873 sinltlarium
266 807 438 872 transferri
459 828 502 871 no
516 809 629 872 uisset.
662 807 846 873 Secundum
868 808 991 876 bellurn
1002 813 1091 879 Lea

80 891 155 956 idus
175 899 288 955 contra
303 889 455 956 Catulum
473 891 494 969 †
514 891 556 956 ob
577 900 697 956 metum
717 891 848 957 Siciliae
869 894 1063 980 expoliatam

54 914 206 1039 lertium
231 974 354 1039 bellum
380 973 503 1040 Caesar
531 984 562 1039 et
587 975 771 1061 Pompeius.
822 976 908 1041 Belli
937 982 1090 1079 speciest

56 1058 162 1142 magis
183 1078 281 1144 quam
301 1079 399 1122 causa
417 1059 481 1124 fuit
501 1068 638 1143 negatus
660 1081 681 1122 a
702 1069 816 1124 senatu
836 1060 971 1126 Caesari
990 1085 1065 1130 oon·

58 1141 198 1222 sulatus,
221 1150 366 1206 ceterum
384 1143 553 1229 utriusque
575 1143 748 1208 aemulatio
771 1152 804 1208 et
824 1145 985 1230 cupiditas
1008 1147 1064 1211 im·

18 1225 145 1312 reperii
161 1225 351 1373 occuffidi.
387 1224 471 1288 Nam
488 1247 561 1289 cum
576 1226 753 1290 secundum
773 1250 878 1293 moros
896 1229 1001 1313 legem
1023 1252 1064 1295 ue

56 1309 217 1373 maiorum
255 1310 262 1324 ’
299 1311 363 1373 ‘sso
385 1311 530 1374 exercitu
548 1310 662 1374 venire
682 1311 717 1373 in
739 1309 853 1374 urbem
866 1310 989 1376 Cacsar
1003 1253 1064 1378 tdc·

55 1391 151 1459 beret
164 1392 325 1458 etdooere
346 1402 493 1458 senatum
513 1393 553 1457 de
570 1393 667 1457 rebus
687 1414 707 1457 a
728 1415 763 1458 se
778 1397 879 1479 gestis
900 1404 996 1482 atquo
1019 1398 1065 1460 ita

55 1475 256 1562 triumphum
277 1480 440 1563 consequi,
465 1476 621 1541 simulans
644 1499 677 1541 se
691 1479 828 1561 gratiam
841 1479 954 1543 timere
969 1478 1063 1544 Pom·

55 1561 112 1646 pei
131 1562 265 1645 negavit
283 1583 319 1625 se
339 1563 513 1625 missurum
535 1562 727 1642 exercitum,
751 1563 813 1624 nisi
837 1561 1062 1627 consularibus

17 1664 48 1709 ts
57 1644 198 1709 comitiis
212 1646 295 1708 ratio
308 1644 452 1708 absentis
473 1647 523 1708 sui
536 1643 647 1707 habita
662 1645 788 1709 fuisset.
817 1644 923 1725 Quam
938 1645 979 1710 ob
994 1668 1064 1711 rem

55 1726 161 1791 hostis
189 1749 210 1790 a
237 1737 352 1792 senatu
378 1728 539 1792 iudicatus
568 1731 679 1792 statuit
707 1730 742 1793 id
768 1728 855 1793 bello
876 1730 1062 1812 vindicare,

55 1831 96 1874 ao
123 1813 171 1875 sio
191 1833 257 1876 non
284 1812 488 1875 consulatum
513 1812 608 1875 modo
637 1833 675 1875 ae
693 1812 907 1912 triumphum,
938 1814 995 1877 scd
1016 1822 1063 1876 to-

54 1903 126 1958 tum
152 1895 264 1981 populi
285 1896 424 1960 Romani
444 1896 615 1980 imperium
643 1894 769 1980 redegit
797 1919 831 1959 m
859 1919 949 1960 suam
975 1904 1063 1983 poto·

56 1986 184 2042 statem.
229 1977 389 2057 Quartum
415 1978 538 2042 bellum
567 1976 689 2045 Caesar
706 1980 874 2063 Augustus
903 1981 1088 2051 adversust

19 2061 239 2146 moomplures
263 2063 376 2126 duces:
399 2072 511 2126 contra
524 2062 714 2146 Pompeium
733 2064 883 2126 iuvenem
902 2061 988 2125 bonu
1007 2084 1062 2148 pa

55 2153 152 2209 terna
172 2154 385 2231 repetentem,
416 2168 494 2210 mox
514 2144 670 2209 adversus
694 2144 843 2210 Cassium
874 2153 905 2209 et
927 2144 1063 2209 Brutum

56 2229 92 2293 in
112 2227 269 2293 ultionem
289 2231 475 2315 interempti
496 2230 611 2314 patris,
641 2228 793 2315 deinceps
816 2229 973 2293 adversus
996 2228 1062 2292 An·

55 2312 182 2376 ionium
205 2322 236 2376 et
259 2312 465 2398 Cleopatram
485 2314 569 2377 ultro
591 2311 712 2376 bellum
732 2314 857 2399 patrino
879 2312 1061 2376 inferentis.

216 2452 307 2516 XLI.
355 2456 467 2527 QVOT
484 2456 648 2516 GENERA
668 2456 829 2516 BELLOR
838 2456 904 2515 VM,

22 2588 50 2630 ss
143 2563 311 2628 Bellorum
338 2586 459 2649 genera
486 2573 560 2628 sunt
585 2573 745 2650 quattuor.
796 2562 942 2645 (ientile,
978 2563 1065 2650 quod

57 2670 131 2713 cum
153 2650 296 2712 externis
342 2651 455 2729 eritur,
482 2657 519 2711 ut
540 2647 674 2712 Romani
698 2670 771 2711 cum
793 2648 935 2729 Latinis,
965 2646 1065 2711 Athe·

56 2734 188 2796 nienses
214 2753 288 2796 oum
358 2732 586 2796 cedaemoniis.
608 2731 675 2768 *Η
719 2730 864 2812 Sorvile,
894 2730 981 2795 ruod
1001 2730 1064 2795 lte·

56 2816 146 2879 mani
165 2814 323 2879 adversus
342 2816 498 2899 fugitivos
520 2823 692 2899 gesserunt
712 2823 869 2878 utcontra
892 2754 991 2879 (luctu
1012 2834 1064 2878 eo·

55 2920 131 2963 rum
151 2897 358 2985 Spartacum,
382 2898 518 2963 Crixum
540 2908 572 2962 ct
592 2896 803 2961 slcnomaum.
850 2896 971 2977 Civile,
999 2918 1063 2983 quo

24 2983 147 3049 winter
166 3004 202 3046 se
222 2992 348 3047 certant
369 2985 472 3064 cives,
500 2991 536 3045 ut
556 2981 679 3045 Marius
701 2992 733 3045 ct
756 2980 861 3062 Sulla,
891 2980 1012 3045 (iaciunt
1033 2990 1065 3045 et

58 3064 251 3152 Pompeius,
271 3068 440 3153 Augustus
463 3076 495 3129 ct
515 3065 688 3129 Antonius.

231 3208 340 3273 XLIL
385 3208 508 3274 ottus)
530 3207 664 3273 ltELLI
685 3206 890 3272 Mllltllllil.

143 3318 358 3418 Inexplebilia
370 3318 501 3384 honoris
517 3319 611 3383 Marii
632 3320 793 3405 cupiditas
815 3318 977 3383 ‹lemotam
991 3316 1063 3416 Sal·
1076 3336 1087 3388 1

58 3401 112 3469 lae
138 3403 308 3468 Ponticam
416 3403 533 3467 inciam
561 3402 665 3467 voluit
694 3405 739 3467 cri
753 3424 820 3467 ›ssrc
840 3424 899 3487 per
923 3412 1062 3485 rogatro-

25 3502 137 3553 asnem
148 3485 273 3572 Sulpici
293 3496 336 3549 trr
346 3486 415 3549 ›uui
434 3486 551 3575 plebia.
588 3484 679 3550 Sulla
699 3487 744 3551 inc
758 3486 887 3571 ignatus
910 3486 1063 3551 emtum
