2266 3832
73 232 114 293 32
425 244 709 295 rnomurrrorm.

73 396 282 460 seminarium
299 394 426 459 hostilis
445 396 617 477 exercitus,
634 396 724 460 illam
733 396 912 463 Annibalis
932 400 1085 467 eruditri·

73 502 197 545 eem-
213 477 404 543 incredibile
416 480 506 545 dictu
515 515 559 527 —
574 488 677 543 totam
687 500 708 542 a
718 478 902 566 Pyrenaeis
912 483 1082 550 montibus

72 566 107 627 in
127 561 279 625 Herculis
298 561 462 626 columnas
481 570 513 625 et
530 558 698 626 Oceanum
712 566 934 649 recuperavit,
954 568 1082 632 nescias

26 665 61 717 ao
72 647 167 711 citius
179 667 221 708 an
232 645 371 709 felicius.
385 668 482 732 quam
493 643 657 726 velociter,
669 654 821 732 quattuor
830 649 911 713 anni
921 648 1082 734 fatentur,

94 750 170 792 uam
186 727 292 810 facile,
310 728 365 791 vel
380 751 446 792 una
462 728 578 792 civitas
589 728 716 815 probat
747 729 861 795 eodem
879 734 1005 831 quippe
1020 754 1100 833 quor

72 835 90 876 o
116 833 207 875 sessa
224 821 273 875 est
291 812 344 877 die
362 833 401 875 ca
423 821 457 877 ta
477 820 535 892 est,
553 832 711 898 omenque
727 811 906 878 Mricanae
921 824 1081 883 metonae

31 906 66 957 40
75 895 146 976 fuit,
162 894 248 981 quod
260 902 326 959 tam
344 835 441 960 faede
452 896 541 960 victa
552 903 601 958 est
611 895 792 981 Hispaniae
807 895 988 983 Carthago.
1015 920 1081 965 eer-

71 988 140 1042 tum
151 986 320 1042 esttamen
335 978 378 1042 ad
387 977 626 1065 profligandam
637 979 843 1063 provinciam
852 983 1001 1047 maxime
1010 1004 1080 1069 pro·

71 1062 190 1125 fecisse
210 1060 409 1145 singularem
426 1062 518 1126 ducis
537 1062 750 1143 sanctitatem,
768 1063 845 1161 quip
870 1066 965 1148 equi
983 1066 1080 1151 capti·

71 1165 130 1208 vos
141 1165 259 1242 pueros
270 1144 459 1230 puellasque
469 1145 661 1230 praecipuae
667 1084 919 1230 puchntudnis
929 1145 1079 1213 barbaris
1085 1170 1106 1211 a

71 1237 268 1309 restitueret,
287 1249 328 1290 ne
347 1229 382 1290 in
400 1235 608 1313 conspectum
626 1248 720 1291 suum
738 1227 871 1312 quidem
886 1250 1010 1315 passus
1027 1230 1079 1296 ad·

73 1311 158 1391 duci,
171 1333 212 1373 ne
246 1311 302 1374 uid
321 1310 362 1374 de
379 1311 578 1396 virginitatis
589 1311 776 1394 integritate
788 1310 956 1377 delibasse
967 1314 1080 1379 saltem

73 1393 175 1458 oculis
188 1334 363 1458 videretur

10 1493 44 1542 41
157 1475 249 1540 Haec
270 1479 305 1539 in
323 1476 454 1547 diversa
477 1486 636 1542 terrarum
680 1476 796 1563 opulus
817 1478 999 1564 Romanus,
1021 1502 1079 1545 nee

72 1561 146 1624 ideo
162 1567 270 1623 tamen
287 1559 469 1624 visceribus
491 1560 607 1623 Italiae
627 1499 850 1625 inbuerentem
872 1582 1105 1634 summeverae

71 1650 198 1788 poterat
214 1641 421 1705 Annibalem.
447 1643 602 1730 pleraque
620 1643 664 1708 ad
684 1643 810 1708 hostem
826 1643 1019 1711 defecerant
1050 1656 1081 1713 et

95 1746 142 1788 ux
158 1725 334 1822 acerrimus
352 1735 465 1789 contra
482 1727 646 1824 Romanos
663 1726 787 1789 Italicis
805 1748 935 1825 quoquc
952 1731 1020 1794 viri
1042 1752 1079 1793 us

27 1834 64 1884 42
73 1806 234 1871 utebatur.
253 1828 317 1870 ram
327 1816 435 1871 tamen
448 1831 521 1872 eum
532 1810 696 1956 plerisque
708 1809 836 1895 oppidis
847 1819 879 1874 et
889 1813 1080 1896 regionibus

74 1891 597 1972 excusseramus,ian1Tarentum
608 1913 628 1954 a
661 1914 720 1956 nos
731 1892 883 1975 redierat,
894 1895 961 1958 iam
972 1906 1007 1960 et
1021 1896 1079 1961 (la-

71 1995 152 2060 pua,
177 1973 271 2038 sedes
298 1975 412 2040 domus
431 1986 462 2039 et
490 1977 597 2062 patria
613 1975 716 2039 altera
732 1976 920 2059 Annibalis,
946 1979 1107 2046 tenebas

72 2068 133 2138 tur,
147 2059 239 2123 euius
250 2059 381 2122 amissio
393 2067 519 2124 tantum
531 2059 641 2123 Poeno
661 2059 738 2123 duci
757 2058 902 2124 dolorem
914 2060 1024 2146 dedit,
1045 2072 1081 2127 ut

28 2155 64 2206 43
74 2142 150 2206 inde
161 2143 238 2206 totis
256 2143 381 2207 viribus
393 2142 529 2209 Romam
547 2152 799 2207 converteretur.
825 2165 843 2209 o
859 2144 1018 2229 populum
1034 2145 1079 2210 di·

73 2247 174 2309 gnum
186 2225 274 2290 orbis
286 2227 422 2311 imperio
442 2227 640 2312 dignumque
653 2227 797 2290 omnium
809 2226 923 2292 favore
935 2236 968 2291 et
978 2229 1079 2293 admi·

73 2308 370 2373 rationehominum
382 2329 419 2373 ac
431 2309 579 2373 deorum!
594 2308 769 2394 conpulsus
781 2310 825 2374 ad
834 2308 965 2375 ultimos
973 2320 1078 2375 metus

73 2389 114 2453 ab
126 2392 255 2475 incepto
268 2412 334 2454 non
347 2391 481 2471 destitit,
500 2402 532 2454 et
544 2391 583 2454 de
596 2413 655 2456 sua
665 2392 747 2457 urbe
760 2392 917 2457 sollicitus
930 2392 1077 2479 Capuam
1085 2412 1108 2453 u

72 2481 181 2536 tamen
192 2495 257 2536 non
269 2474 392 2555 omisit3
407 2472 465 2536 sed
476 2483 568 2558 parte
581 2476 743 2539 exercitus
755 2475 815 2539 sub
826 2476 858 2538 A
879 2476 934 2560 pio
946 2477 1080 2541 consule

73 2554 195 2637 relicta,
216 2565 308 2640 parte
330 2555 485 2620 Flaccum
505 2557 539 2619 in
560 2558 675 2622 urbem
692 2568 817 2640 secuta,
841 2496 961 2622 absens
983 2559 1080 2623 simul

30 2660 65 2708 44
73 2659 293 2735 praesensque
309 2662 353 2723 pu
401 2637 486 2702 abat.
513 2640 592 2725 quid
605 2662 682 2725 ergo
696 2643 850 2704 miramur
866 2642 1013 2705 moventi
1030 2662 1080 2706 aa

75 2729 142 2784 stra
153 2743 173 2784 a
183 2731 278 2785 tert1o
291 2721 356 2807 lapi
381 2722 565 2787 eAnnibali
575 2723 694 2788 iterum
706 2725 794 2809 ipsos
807 2724 885 2790 deos
895 2724 1081 2789 restitisse?

32 2811 67 2860 45
79 2804 156 2868 deos
168 2805 310 2890 inquam,
323 2826 382 2868 nec
393 2805 489 2869 fateri
498 2805 644 2892 pudebit.
673 2815 764 2870 tanta
776 2809 862 2871 enim
879 2807 923 2873 ad
933 2806 1080 2893 singulos
1088 2827 1113 2871 a

74 2886 163 2949 illius
174 2898 280 2951 motus
291 2890 342 2952 vis
360 2888 513 2953 imbrium
529 2889 631 2952 effusa
642 2899 700 2972 est,
717 2898 808 2954 tanta
825 2899 998 2956 ventorum
1012 2892 1080 2956 vio·

75 2968 175 3032 lentia
186 2981 296 3034 coorta
313 2980 371 3052 est,
392 2981 428 3035 ut
444 2971 600 3036 divinitus
614 2972 742 3037 hostem
756 2995 959 3039 summovere
976 2996 1045 3039 non
1061 2995 1081 3037 a

76 3051 175 3133 caelo,
194 3054 252 3119 sed
269 3054 310 3118 ab
329 3054 420 3119 urbis
432 3056 534 3154 ipsius
546 3057 715 3120 moenibus
733 3067 765 3120 et
781 3057 941 3143 Capitolio
952 3057 1081 3121 videre·

32 3153 69 3205 46
78 3147 141 3200 tur.
160 3136 196 3199 fu
220 3138 245 3200 it
256 3147 288 3201 et
299 3139 397 3202 cessit
409 3147 441 3202 et
451 3161 486 3201 1n
496 3137 646 3203 ultimum
659 3162 693 3204 se
703 3140 818 3205 Italiae
828 3142 952 3227 recepit
963 3141 1080 3223 sinum,

29 3237 66 3285 47
78 3242 151 3285 cum
161 3158 274 3285 urbem
285 3230 411 3284 tantum
428 3243 493 3286 non
504 3222 671 3286 adoratam
686 3223 882 3311 reliquisset.
909 3244 1013 3309 parva
1026 3246 1080 3288 res
1089 3248 1114 3291 as

78 3304 167 3369 dictu
178 3305 236 3370 sed
246 3304 288 3368 ad
298 3306 596 3389 magnanimitatem
605 3329 647 3391 po
671 3306 718 3370 uli
730 3307 868 3371 Romani
878 3305 1081 3391 probandam

77 3389 154 3450 satis
175 3388 301 3470 efficax,
320 3387 406 3475 quod
417 3387 483 3452 illis
501 3389 582 3472 ipsis
602 3411 656 3474 qur
680 3412 719 3451 us
737 3388 946 3453 suadebatur
964 3388 1080 3453 diebus

77 3491 162 3555 agar,
176 3493 268 3542 qurum
287 3470 421 3534 Annibal
436 3480 522 3526 nante
564 3472 674 3522 'neoda
700 3513 702 3518 .
782 3471 866 3522 ...tlt
886 3471 1008 3536 'lamae
1019 3472 1081 3537 suit
