2266 3832
434 174 651 235 blBBBVll.
957 172 999 235 49

84 359 134 401 rea
146 340 257 417 dieitur,
274 358 337 399 cum
348 338 463 400 blanaoa
474 347 555 400 antea
566 349 725 400 vocaretur.
759 339 811 400 Hie
823 343 907 401 tertio
920 350 949 401 et
960 343 1000 401 vi·
1023 352 1041 392 Ρ

84 427 196 504 gesimo
209 425 318 503 imperii
330 440 414 500 anno,
427 424 527 484 aetatis
539 426 874 502 septuagesimooctavc,
891 426 997 503 ingenti
1011 420 1058 462 GN

86 511 208 568 omnium
218 507 322 586 gaudio
336 516 462 567 mortuus
478 508 561 566 estin
574 505 734 586 Campania.
1016 488 1048 528 ³⁷·

149 592 236 653 Car.
248 590 312 652 xit.
334 590 429 671 (Vll.)
457 591 606 651 Successit
617 593 643 650 ei
656 590 742 651 Ceius
755 589 873 669 Cacsar,
892 609 998 670 cogno·

85 685 181 736 mento
197 673 337 753 Caligula,
355 675 452 752 Drusi,
467 676 589 753 privigni
601 673 734 753 Augusti,
748 684 776 735 et
787 677 878 753 ipsius
892 675 999 736 Tiberii

85 777 188 837 nepos,
202 759 439 820 sceleratissimus
455 777 488 819 ac
507 759 728 835 funestissimus,
752 762 840 839 etqui
856 762 940 821 etiam
953 758 998 820 Ti·

85 844 156 903 berii
169 843 311 904 dedecora
319 844 488 921 purgaverit.
512 841 620 901 Bellum
632 851 729 902 eontra
737 841 892 904 Germanos
900 863 997 904 susce-

85 929 136 1005 pit,
150 937 178 986 et
189 930 335 1005 ingressus
348 928 478 986 Sueriam
493 926 562 986 nihil
574 935 687 986 strenue
699 927 778 986 iecit.
805 928 907 1007 Stupra
918 946 998 988 soro-

84 1012 162 1071 ribus
175 1011 277 1088 intulit,
296 1029 332 1071 ex
343 1029 397 1070 una
409 1011 492 1070 etiam
505 1009 589 1070 ffliam
604 1013 727 1088 agnovit.
769 1010 839 1071 Cum
850 1011 999 1072 adversum

86 1105 203 1156 cunctos
214 1097 320 1172 ingenti
335 1096 459 1169 avaritia,
479 1093 605 1171 libidine,
620 1094 784 1155 crudelitate
798 1098 937 1173 saeviret,
957 1099 996 1155 in·

85 1179 221 1241 terieotus
242 1182 270 1238 in
286 1178 390 1257 palatio
413 1187 457 1237 est
479 1194 550 1238 anno
570 1180 669 1238 aetatis
686 1198 780 1256 nrm,
807 1181 917 1257 imperii
939 1201 995 1257 nn,

84 1281 180 1322 mense
194 1283 220 1322 x.
236 1261 340 1340 dieque
352 1283 416 1323 vnn.

148 1348 199 1406 Cn
209 1367 236 1405 r.
251 1343 330 1404 XIII.
348 1343 457 1426 (Vlll.)
482 1344 550 1403 Post
566 1345 641 1405 huno
653 1344 787 1405 Claudius
801 1347 864 1421 luit,
880 1355 996 1425 patruus

85 1428 240 1507 Caligulae,
253 1429 349 1506 Drusi,
363 1431 411 1507 qui
426 1428 500 1506 apud
509 1427 719 1506 Mogontiacum
727 1439 936 1490 monumentum
948 1431 996 1491 ha·

84 1514 142 1589 bet,
158 1513 241 1589 filius,
258 1515 337 1572 cuius
355 1521 383 1572 et
395 1510 524 1590 Caligula
538 1529 629 1591 nepos
643 1522 711 1573 erat.
739 1513 793 1573 Hie
804 1512 897 1573 medie
908 1516 995 1592 impe·

84 1599 170 1674 ravit,
193 1595 279 1657 multa
290 1615 394 1675 gerens
411 1595 561 1674 tranquille
578 1605 663 1676 atque
676 1597 834 1674 moderate,
859 1597 996 1676 quaedam

83 1681 234 1742 crudeliter
249 1689 278 1741 et
287 1680 403 1741 insulse.
437 1679 597 1740 Britanniae
608 1680 712 1740 bellum
723 1681 825 1758 intulit,
838 1700 920 1760 quam
935 1680 995 1741 nul·

82 1765 126 1824 lus
138 1765 328 1826 Romanorum
341 1775 406 1843 post
417 1762 517 1824 lulium
525 1762 675 1824 Caesarem
687 1767 827 1844 attigerat,
841 1783 933 1845 eaque
945 1764 994 1824 de·

82 1852 157 1908 vieta
174 1867 227 1928 per
238 1847 288 1909 Cn.
302 1850 427 1908 Sentium
440 1857 469 1908 et
483 1846 518 1907 Α.
529 1846 677 1926 Plautium,
700 1848 824 1909 illustres
840 1858 869 1909 et
882 1849 994 1909 nobiles
1021 1866 1038 1906 r

82 1935 176 2009 viroS,
192 1933 362 2010 triumphum
378 1932 522 1992 celebrem
536 1934 604 2009 egit.
637 1931 778 2005 Quasdam
789 1933 895 1993 msulae
911 1935 995 1993 etiam
1006 1934 1059 1978 cn.

83 2017 154 2076 ultra
165 2015 331 2075 Britanniam
345 2019 373 2073 in
385 2014 500 2074 Oceano
520 2018 629 2091 positas
639 2015 766 2076 Romano
785 2019 904 2095 imperio
917 2016 993 2076 addi·
1013 2005 1045 2046 ⁴³·

84 2099 133 2173 dit,
152 2117 225 2176 quae
238 2098 414 2176 appellantur
427 2096 569 2174 Oreades,
590 2098 705 2177 filioque
717 2116 769 2158 suo
781 2096 931 2160 Britannici
943 2116 993 2159 no·

83 2201 146 2241 men
161 2183 304 2259 imposuit.
338 2179 406 2240 Tam
421 2180 513 2241 civilis
530 2190 623 2240 autom
641 2185 717 2243 circa
733 2182 870 2261 quosdam
886 2185 994 2242 amicos

84 2267 200 2342 exstitit,
213 2274 242 2324 ut
255 2267 337 2325 otiam
348 2263 500 2341 Plautium,
517 2265 641 2324 nobilem
655 2267 755 2344 vimm,
776 2269 823 2345 qui
839 2267 866 2325 in
878 2265 993 2344 expedi-

82 2352 159 2410 tione
171 2349 329 2410 Britannica
339 2349 424 2409 multa
439 2351 558 2427 egregie
569 2349 688 2425 lecerat,
701 2350 914 2428 triumphantem
929 2350 993 2428 ipse

83 2442 304 2511 prosequeretur
319 2444 348 2493 et
363 2433 564 2494 conscendenti
584 2430 753 2510 Capitolium
765 2433 863 2494 laevus
879 2433 992 2493 incede·
1013 2451 1039 2492 r.

82 2528 134 2577 ret.
167 2516 196 2576 ls
214 2520 284 2577 vixit
300 2533 389 2577 annos
401 2538 431 2578 ιν
444 2526 473 2576 et
484 2537 531 2593 nx,
551 2519 698 2594 imperavit
709 2537 767 2579 mr.
795 2516 863 2577 Post
874 2519 1058 2578 mortemffi

82 2611 264 2661 consecratus
278 2610 321 2660 est
332 2601 480 2680 Bivusque
490 2599 657 2679 appellatus.
1010 2588 1037 2630 ⁶⁴

146 2686 231 2746 Chr.
247 2683 322 2745 XIV.
339 2684 421 2764 (lx.)
453 2684 611 2745 Successit.
625 2685 691 2744 huic
714 2683 807 2763 Nero,
834 2682 991 2764 Caligulae,

82 2768 220 2828 avunculo
232 2784 296 2845 suo,
316 2767 488 2842 simillimus,
508 2769 555 2845 qui
569 2770 717 2846 imperium
729 2768 885 2829 Romanum
903 2779 932 2830 et
943 2768 991 2829 de·

82 2853 211 2912 formarit
224 2862 252 2912 et
264 2852 400 2928 diminuit,
413 2853 561 2911 inusitatae
577 2851 703 2914 luxuriae
715 2861 942 2932 sumptuumque,
963 2861 992 2912 ut
1046 2888 1048 2891 -

82 2939 129 3015 qui
142 2936 272 3014 exemplo
285 2935 346 2996 Caii
364 2935 509 3014 Caligulae
527 2935 625 2996 calidis
646 2946 675 2996 et
690 2936 800 3014 frigidis
818 2937 924 2998 lavaret
942 2956 991 2996 un·

82 3024 211 3099 guentis,
235 3022 341 3081 retibus
353 3023 445 3079 aureis
456 3022 630 3097 piscaretur,
653 3040 725 3100 quae
741 3021 864 3081 blattinis
878 3021 991 3081 funibus

83 3105 256 3164 extrahebat.
292 3103 428 3164 lniinitam
455 3113 563 3182 partem
587 3114 700 3165 senatus
728 3107 885 3182 interiecit,
908 3106 990 3165 bohis

82 3189 211 3248 omnibus
223 3189 314 3248 hostis
322 3188 383 3248 fuit.
406 3188 450 3247 hd
458 3198 630 3266 postremum
637 3209 668 3249 se
679 3198 755 3249 tanto
769 3189 912 3249 dedecore
924 3205 990 3267 pro-

81 3275 180 3349 stituit,
197 3282 227 3332 ut
245 3282 273 3332 et
287 3272 401 3332 saltaret
413 3283 441 3332 et
452 3282 576 3333 cantaret
594 3275 622 3332 in
634 3291 719 3333 scena
732 3273 924 3334 citharoedico
939 3273 989 3331 ha·

81 3357 138 3416 bitu
152 3356 199 3416 vel
209 3359 328 3436 tragico.
365 3356 514 3416 Parricidia
526 3356 610 3416 multa
623 3359 762 3417 commisit
777 3357 872 3431 iratre,
889 3372 988 3429 uxore,

121 3454 253 3492 euthonius.
836 3453 857 3514 4
