2266 3832
392 645 746 728 abablium.

476 827 673 837 ——-—-

107 937 215 1016 Lucii
243 956 397 1028 Ampelii
428 960 562 1026 quotquot
593 970 667 1010 nunc
703 953 933 1010 circumferuntur
966 954 1113 1024 editiones,

63 1057 122 1098 ines
140 1040 280 1097 fluxerunt
297 1056 332 1095 ex
350 1038 480 1095 Salmasii
497 1037 634 1107 editione,
658 1039 704 1108 qui
722 1039 828 1109 primus
846 1037 945 1093 librum
969 1042 1115 1095 memoria-

63 1124 196 1180 n-edidit
216 1125 298 1180 Floro
327 1122 464 1178 adiectum
485 1121 573 1193 Lugd.
593 1121 654 1176 Bat.
680 1125 763 1190 1638;
793 1124 1007 1178 commentarius
1036 1140 1114 1190 vero,

62 1225 105 1264 enr
124 1224 155 1264 se
175 1225 241 1263 mox
256 1207 359 1278 publici
377 1205 446 1261 iuris
465 1206 599 1261 iacturum
615 1205 755 1276 pollicitus
773 1211 848 1272 erat,
879 1221 1031 1276 numquam
1047 1224 1114 1279 pro-

64 1299 88 1361 t,
110 1291 186 1347 unde
206 1291 307 1347 lactum
328 1296 385 1357 est,
409 1294 437 1343 ut
456 1305 527 1359 quae
545 1289 679 1344 lectiones
692 1288 799 1345 codicis
817 1289 979 1345 auctoritate
997 1289 1116 1346 niteren-

62 1397 64 1405 ’
90 1391 218 1448 quaeque
243 1373 382 1431 Salmasio
406 1372 588 1440 deberentur,
620 1388 710 1444 usque
734 1373 771 1428 ad
797 1372 872 1427 hunc
896 1371 970 1428 diem
991 1373 1116 1445 ignotum

62 1466 108 1516 set.
146 1459 313 1514 Dukerus
330 1459 435 1528 primus
454 1455 491 1510 ad
508 1457 613 1511 calcem
630 1456 705 1511 Flori
724 1457 883 1528 Ampelium
900 1462 1025 1512 nostrum
1042 1458 1116 1512 notis

62 1543 165 1612 struxit,
188 1542 288 1613 paucis
306 1541 362 1597 illis
375 1539 487 1611 quidem
500 1539 551 1594 sed
563 1540 669 1608 doctis,
690 1539 821 1596 adhibitis
838 1540 920 1595 simul
931 1541 1115 1596 Perizonii

70 1626 216 1682 Heinsii
245 1625 467 1694 exemplaribus,
498 1624 543 1694 qui
568 1625 744 1679 coniecturas
775 1641 842 1679 suas
865 1624 1039 1696 marginibus
1068 1625 1116 1679 ad-

61 1711 211 1783 ipserant:
235 1709 356 1763 accessit
367 1724 456 1779 nuper
467 1706 635 1762 Tzschuckii
647 1724 730 1774 cura,
755 1724 810 1778 qua
822 1706 899 1762 haud
914 1724 1006 1779 pauca
1023 1725 1116 1764 emen-

62 1800 90 1850 ta
103 1798 176 1863 sunt,
194 1798 223 1848 ut
235 1798 409 1863 praeteream
421 1791 668 1860 Munclrerum,
689 1791 993 1861 Freinshemium,
1008 1792 1116 1848 Davi-

61 1893 128 1946 um,
151 1892 268 1947 quorum
281 1876 455 1931 coniecturas
469 1874 496 1928 in
508 1875 711 1929 commentariis
725 1875 761 1930 ad
773 1875 930 1946 Hyginum,
956 1874 992 1929 ad
1003 1876 1116 1930 Florum

72 1959 111 2016 ad
131 1958 188 2014 Cic.
212 1960 247 2013 de
267 1958 328 2014 Nat.
349 1959 382 2014 D.
405 1959 491 2013 libros
513 1958 637 2029 prolatas
658 1958 713 2012 iam
736 1957 866 2013 Dukerus
888 1957 1036 2030 diligenter
1058 1961 1116 2014 col·

60 2045 101 2114 rit.
406 2068 409 2073 ·

107 2127 168 2198 Ego
187 2126 299 2198 quidem
310 2126 382 2181 redii
402 2126 437 2182 ad
450 2124 580 2181 Salmasii
597 2124 739 2191 codicem,
761 2124 961 2178 Divionensem
974 2125 1048 2192 olim,
1072 2128 1116 2181 vcl

62 2211 116 2266 tius
134 2238 177 2250 —
197 2227 261 2265 nam
281 2209 407 2265 codicem
426 2210 516 2280 ipsum
535 2209 636 2262 trustra
655 2208 782 2279 quaesivi
805 2237 847 2248 -
872 2208 909 2262 ad
930 2209 1115 2279 apographon

60 2309 83 2350 re
105 2293 212 2349 codicis
230 2294 387 2348 conlectum
400 2295 433 2347 ab
447 2294 508 2363 ipso
521 2290 674 2358 Salmasio,
700 2290 775 2361 quod
793 2296 956 2346 asservatur
973 2292 1000 2346 in
1018 2294 1116 2348 biblio·

60 2391 105 2433 eca
125 2377 203 2448 regia
219 2376 391 2431 Monacensi.
424 2375 507 2444 (Cod.
521 2376 567 2429 lat.
580 2377 691 2443 10383.)
703 2375 769 2431 Eius
790 2391 843 2446 ope
861 2375 928 2446 quid
945 2391 1019 2430 nunc
1035 2393 1116 2446 prae-

60 2476 100 2515 ire
111 2468 227 2515 conatus
242 2461 309 2530 sim,
333 2460 421 2514 tusius
439 2459 557 2530 exposui
569 2459 597 2512 in
608 2459 803 2514 dissertatione
818 2458 981 2531 propediem
994 2460 1116 2530 edenda,

74 2560 157 2616 quam
169 2545 306 2613 lectores,
329 2544 352 2597 si
365 2544 411 2612 qui
424 2544 546 2598 rationes
558 2558 636 2599 meas
654 2544 811 2599 accuratius
829 2559 1002 2615 cognoscere
1019 2545 1117 2614 velint,

59 2626 195 2700 legendos
211 2634 289 2700 puto.
320 2627 390 2681 Huic
402 2627 568 2698 praelationi
589 2626 618 2681 id
630 2628 719 2682 solum
738 2627 940 2687 reservandum
957 2629 1064 2700 putavi,
1088 2635 1117 2684 ut

59 2726 108 2767 :am
129 2712 296 2768 brevissime
318 2710 379 2765 fieri
402 2719 498 2781 posset
514 2717 541 2766 et
560 2710 595 2764 de
616 2710 722 2766 codicis
739 2711 813 2766 illius
832 2711 1020 2782 discrepantia
1037 2717 1062 2766 et
1080 2713 1116 2767 de

59 2795 267 2851 mandationibus
292 2812 308 2850 a
330 2810 373 2848 me
395 2796 516 2867 receptis
540 2796 658 2850 lectores
683 2810 840 2864 monerem,
870 2796 914 2850 his
935 2796 1007 2852 notis
1030 2810 1115 2851 usus:

64 2900 109 2930 =
131 2879 194 2934 cod.
216 2879 410 2934 Monacensis:
431 2880 452 2934 P
472 2902 515 2930 =
536 2879 713 2934 Perizonius:
732 2879 759 2932 .H
781 2899 825 2927 .--
845 2879 993 2934 Heinsius:
1024 2880 1052 2934 M
1073 2902 1116 2930 =

59 2963 211 3018 ruckerus:
238 2964 259 3018 F
280 2986 322 3014 =
344 2963 567 3018 Freinshemius:
597 2963 683 3017 D=
703 2961 848 3018 Dukerus:
879 2962 948 3019 Dav.
971 2987 1014 3012 =
1030 2963 1116 3017 Davi-

58 3058 101 3102 1s:
123 3045 146 3100 T
159 3069 202 3098 =
214 3046 422 3102 Tzschuclrius:
448 3047 470 3101 Ε
482 3070 524 3096 ;;
537 3046 660 3101 editores
673 3062 771 3102 omnes
788 3055 943 3118 praeeunte
960 3044 1115 3102 Salmasio:

65 3151 110 3181 =
133 3129 305 3186 Salmasius:
329 3130 375 3184 .W
395 3153 437 3180 =
460 3129 620 3184 Woellllin:
649 3129 694 3184 ubi
717 3133 821 3186 nullam
843 3131 942 3186 harum
964 3131 1117 3184 litterarum

58 3215 196 3285 scriptam
222 3214 367 3282 invenies,
398 3213 585 3284 discrepantia
615 3215 643 3267 in
673 3215 845 3283 praelatione
877 3220 971 3268 notata
999 3213 1117 3280 codicis,

58 3295 184 3352 tendatio
204 3298 232 3352 in
251 3298 378 3353 ordinem
396 3299 544 3353 verborum
563 3303 676 3368 recepta
697 3294 827 3352 Salmasii
846 3304 895 3352 est.

108 3381 178 3452 Pag.
199 3377 226 3456 1,
243 3385 260 3440 9
277 3387 360 3438 extra
378 3396 430 3452 que
450 3372 464 3460 {l
485 3384 517 3439 17
537 3395 608 3453 quoe
627 3396 682 3434 orn.
704 3371 718 3458 ΙΙ
739 3386 773 3437 20
790 3381 911 3451 obliquos
927 3381 949 3435 E
971 3372 985 3460 ΙῙ
1018 3386 1052 3438 al
1069 3395 1118 3436 aa·

57 3454 359 3546 aasslbquoaquaess
868 3540 912 3602 a*
