2266 3832
67 188 110 251 tt
427 182 718 251 rnonrnrm'om.

26 362 144 416 ranem
159 350 315 415 condidit.
349 360 471 437 quanta
488 352 569 416 urbs
585 350 696 416 deleta
711 352 768 433 sit,
784 359 823 414 ut
839 351 884 417 de
903 354 1025 419 ceteris
1035 361 1076 417 ta·

68 457 169 516 ceam,
181 434 222 499 de
233 435 320 519 ignis
331 455 422 499 mora
431 434 564 521 probari
573 443 690 520 potest.
703 434 824 533 qnippe
834 456 898 520 per
909 437 1076 503 continuos
1096 480 1099 485 -

68 520 182 584 decem
193 528 225 582 et
235 526 361 603 septem
371 518 440 582 dies
452 519 512 583 vix
520 519 627 604 potuit
636 518 824 582 incendium
833 519 1078 608 extinguiqnod

69 601 218 667 domibus
236 621 274 664 ae
290 601 421 686 templis
439 603 507 665 suis
530 610 645 687 sponte
664 601 774 667 hostes
795 601 1012 687 immiserant3
1034 610 1077 685 nt
1117 648 1120 655 -

68 694 227 833 quptontus
247 684 327 748 urbs
350 686 433 770 eripi
459 684 615 750 Romanis
635 706 702 750 non
722 692 865 770 poterat,
893 685 1092 772 triumphose

67 789 105 833 ar
128 790 207 832 ere.
1116 768 1123 989 p

262 867 413 933 XXXII.
435 866 621 933 BELLVM
631 864 884 932 ACHAICVM.

1 984 37 1051 u,
46 968 84 1029 16
155 963 257 1043 Quasi
269 964 434 1029 saeculum
444 964 528 1029 illud
538 963 762 1029 eversionibus
778 962 913 1029 urbium
923 974 1076 1047 curreret,

69 1047 278 1132 Carthaginis
294 1048 423 1111 minam
444 1049 554 1112 statim
571 1046 747 1113 Corinthus
764 1066 846 1110 exce
869 1047 910 1128 it,
932 1048 1077 1113 Achaiae

68 1139 180 1217 capnt,
198 1130 357 1196 Graeciae
375 1130 489 1212 decus,
507 1134 593 1194 inter
610 1068 1101 1211 duomaria‚1ilniumetesa

69 1236 202 1300 gaeum,
215 1215 310 1301 quasi
321 1213 506 1299 spectaculo
519 1214 677 1297 exposita.
705 1211 787 1276 haec
795 1212 982 1279 -facinus
995 1214 1077 1279 indi·
1122 1268 1126 1279 .

70 1320 171 1382 gnum
182 1306 311 1362 -ante
323 1317 479 1382 oppressa
490 1305 540 1360 est
551 1317 648 1382 quam
658 1296 693 1358 in
703 1316 836 1359 numero
848 1305 1017 1363 certorum
1023 1298 1077 1363 ho·
1123 1332 1127 1385 j

44 1384 169 1445 tatium
184 1382 371 1445 referretur.
402 1379 565 1446 Critolaus
585 1399 684 1444 causa
699 1377 795 1460 belli,
813 1380 871 1465 qui
887 1379 1078 1447 libertates

69 1466 224 1531 Romanis
242 1465 318 1529 data
328 1463 485 1528 adversus
497 1464 586 1548 ipsos
596 1484 676 1527 usus
693 1469 742 1526 est
758 1460 950 1549 legatosque
961 1464 1078 1533 Roma·

44 1563 144 1629 anos,
164 1547 299 1611 dubium
309 1568 352 1609 an
363 1554 395 1611 et
405 1568 503 1611 manu
508 1595 518 1629 ,
537 1555 625 1610 certe
641 1546 786 1610 oratione
803 1545 953 1612 violavit.
975 1549 1102 1634 igituru

70 1630 202 1696 Metello
222 1629 385 1694 ordinanti
397 1652 471 1695 cum
481 1631 623 1695 maxime
634 1628 847 1695 Macedoniae
861 1640 973 1696 statam
988 1652 1078 1697 man·

70 1722 146 1781 data
159 1711 317 1793 estu1t103
331 1721 363 1776 ot
374 1713 450 1777 hine
461 1713 641 1778 Achaicum
653 1712 784 1779 bellum.
807 1734 847 1776 ac
856 1715 1002 1812 primum
1009 1714 1078 1782 Cri·

69 1796 150 1861 tolai
166 1817 298 1859 manum
307 1795 458 1862 Metellus
471 1796 585 1862 consul
596 1819 655 1883 per
664 1797 805 1883 patentis
817 1795 934 1863 Ehdos
945 1820 1077 1886 campos

70 1889 137 1946 toto
150 1879 267 1944 cecidit
279 1879 410 1965 Alphio.
425 1889 457 1944 et
466 1902 531 1945 uno
543 1880 845 2029 proelio-peractum
856 1890 928 1945 erat
937 1882 1077 1965 bellum,

72 1965 137 2027 ‘am
154 1964 240 2028 enim
257 1963 371 2028 urbem
387 1965 492 2050 ipsam
501 1964 677 2029 terrebato
702 1965 801 2046 sidi03
822 1965 935 2030 sed—
947 1966 1105 2035 fatareu

69 2070 143 2113 rum
155 2085 199 2096 -
209 2070 283 2112 cum
288 2047 440 2113 Metellus
454 2049 655 2130 dimicasset,
667 2048 710 2113 ad
719 2048 890 2113 victoriam
899 2048 1076 2113 Mummius

44 2133 257 2200 tintervenit.
287 2132 341 2196 hio
358 2132 493 2197 alterius
506 2133 597 2197 ducis
609 2131 708 2196 Diaei
721 2132 901 2196 exercitum
918 2132 1078 2219 subipsis

71 2215 189 2280 Isthmi
200 2215 349 2280 faucibus
367 2216 453 2281 fudit
470 2220 681 2302 geminosque
692 2216 804 2300 portus
821 2217 982 2300 sanguine
995 2216 1079 2280 infe-

72 2302 127 2362 cit.
139 2308 209 2363 tum
220 2298 261 2363 ab
268 2299 383 2363 incolis
397 2300 526 2364 deserta
534 2301 650 2363 civitas
662 2299 943 2397 direptaprimum,
958 2299 1078 2364 deinde

44 2381 150 2448 otuba
169 2384 376 2467 praecinente
397 2382 504 2446 deleta
521 2392 580 2446 cst.
615 2382 693 2469 quid
712 2403 892 2467 signorum,
918 2382 999 2469 qnid
1020 2404 1106 2448 vera

72 2465 171 2527 stium
195 2464 315 2550 quidve
343 2465 527 2530 tabularum
553 2475 682 2551 raptum
714 2468 945 2552 incensumque
970 2467 1077 2553 adque

93 2548 249 2611 roiectum
268 2548 332 2610 est!
373 2557 487 2612 uantas
507 2571 524 2612 o
550 2571 584 2612 es
603 2558 634 2612 et
651 2548 823 2612 abstulerit
840 2556 872 2612 et
883 2550 1078 2614 cremaverit

70 2568 148 2694 linc
167 2631 266 2712 scias,
285 2571 373 2716 quod
389 2573 547 2730 quidquid
561 2631 722 2697 Corinthii
738 2634 823 2695 aeris
839 2641 907 2697 toto
919 2630 999 2697 orbe
1009 2632 1078 2696 lau-

48 2713 169 2780 sdatur
180 2713 330 2778 incendio
343 2714 542 2800 superfursse
551 2717 776 2814 comperimus.
795 2737 872 2780 nam
883 2724 914 2779 et
925 2717 1010 2779 aeris
1021 2737 1078 2781 no·

72 2805 139 2859 tam
154 2798 380 2882 pretiosiorem
396 2799 469 2884 ipsa
486 2799 750 2885 opulentissimae
769 2800 861 2864 urbis
876 2799 955 2863 iecit
970 2801 1109 2882 ruinam

73 2880 150 2962 quia
160 2882 309 2946 incendio
320 2883 491 2967 permixtis
499 2882 647 2967 plurimis
660 2884 774 2946 statuis
785 2891 882 2969 atque
893 2882 1077 2947 simulacris

73 2967 157 3027 acris
169 2966 241 3028 auri
252 2967 443 3052 argentique
457 2987 560 3030 venae
572 2967 606 3028 in
619 2987 786 3031 commune
797 2966 972 3030 fluxerunt.

175 3080 343 3146 XXXIII.
372 3080 457 3149 RES
478 3083 527 3147 IN
549 3081 765 3148 HISPANIA
786 3080 975 3148 GESTAE.

7 3194 42 3261 a,
53 3183 90 3242 17
161 3181 206 3244 Vt
218 3178 448 3264 Carthaginem
461 3181 651 3262 Corinthus,
669 3182 715 3244 ita
727 3180 919 3247 Corinthum
933 3180 1077 3247 Numan·

73 3266 121 3328 tia
137 3273 247 3330 secuta
264 3273 330 3346 est3
349 3285 409 3327 nec
426 3265 544 3329 deinde
561 3265 639 3329 orbe
650 3273 717 3329 toto
735 3267 809 3350 quio
831 3286 907 3328 uam
918 3265 1076 3329 intactum
1084 3291 1111 3332 ss

50 3352 173 3415 tarmis
185 3349 256 3413 fuit.
278 3356 353 3434 post
364 3347 422 3413 illa
433 3348 497 3414 duo
509 3347 762 3412 clarissimarum
779 3287 908 3411 urlrium
924 3347 1078 3412 incendia

76 3430 140 3497 late
153 3443 250 3506 atoue
264 3433 400 3502 passim.
414 3453 473 3497 ner
484 3454 543 3494 ner
555 3433 644 3487 vices
672 3431 726 3482 ser*
750 3430 835 3486 timul
848 3431 970 3502 pariter
983 3432 1079 3517 qnasi
