2266 3832
451 234 586 289 LIBER
614 234 641 289 V.
960 229 1001 290 33

88 397 179 458 adlruc
199 397 303 456 inlinita
324 405 399 471 erat,
422 395 457 455 ad
474 394 582 454 Italiam
601 396 778 455 transierunt.
810 392 915 454 Iterum
936 393 1000 454 aC.

87 480 175 541 llario
189 489 217 540 et
229 479 264 553 Q.
279 479 378 539 Catulo
391 489 487 538 contra
500 494 552 538 eos
564 479 723 538 dimicatum
736 487 791 553 est,
815 478 867 537 sed
881 497 896 537 a
908 476 1000 537 Catuli

87 561 167 643 parte
183 563 304 622 felicius.
327 561 399 622 Nam
413 563 534 639 proelio,
553 563 629 640 quod
642 561 724 620 simul
739 562 821 620 ambo
834 571 997 638 gesserunt,

88 646 228 707 cxcmilin
243 649 332 706 autin
347 663 457 723 pugna,
478 656 525 705 aut
544 648 572 704 in
589 646 656 723 luga
672 663 755 704 caesa
772 653 851 722 sunt,
871 664 908 705 nx
924 644 1000 704 milia

88 739 177 808 capta.
207 730 325 789 Romani
341 729 443 788 milites
457 747 493 787 ex
504 738 624 807 utroque
637 730 763 788 exercitu
775 731 893 787 trecenti
907 731 999 806 perie-

86 823 158 873 runt.
189 813 253 873 Tria
272 822 300 873 et
317 814 430 890 triginta
442 812 561 873 Cimbris
573 816 654 890 sig'na
670 811 779 872 sublata
790 821 863 871 sunt.
894 811 938 871 Ex
955 813 998 892 his

87 900 229 957 exercitus
245 897 326 956 lllarii
344 896 400 955 duo
417 898 591 973 reportavit,
617 894 708 956 Catuli
727 898 869 955 exercitus
893 914 949 955 xxx
971 905 999 954 et

85 1001 178 1040 unum.
201 978 230 1039 Is
243 981 312 1040 belli
328 981 390 1038 linis
406 979 466 1038 luit.
498 978 666 1057 Triumphus
678 981 789 1056 utrique
801 978 931 1038 decretus
945 988 997 1038 est,

148 1066 199 1125 Cn
208 1084 234 1124 r.
247 1063 297 1122 lll.
306 1062 374 1142 (ll.)
394 1064 461 1122 Sex.
468 1060 541 1122 Iulio
550 1063 672 1122 Caesare
680 1061 744 1122 etL.
752 1062 996 1140 llarcioPhilippo
1010 1069 1064 1110 MJ-

86 1166 162 1207 coss.
175 1149 383 1207 sexcentesimo
395 1148 628 1224 quinquagesimo
639 1163 792 1206 nonoanno
804 1148 839 1206 ab
851 1146 921 1205 urbe
929 1164 997 1205 non·
1009 1136 1054 1178 ⁶⁶¹·

85 1231 151 1306 dita,
178 1249 241 1290 cum
252 1248 344 1308 prope
356 1230 410 1289 alin
422 1232 513 1288 omnia
529 1230 604 1289 bella
620 1240 779 1306 cessarent,
798 1229 917 1289 initalia
933 1249 996 1307 gra-

83 1317 228 1374 vissimum
245 1313 350 1374 bellum
365 1311 508 1389 Picentes,
526 1312 628 1389 lllarsi,
652 1312 818 1391 Peligniqne
837 1322 995 1388 moverunt,

85 1400 143 1476 qni,
157 1415 220 1456 cum
231 1399 311 1456 annis
325 1397 483 1455 numerosis
498 1397 551 1455 iam
566 1397 673 1474 populo
689 1396 817 1455 Romano
837 1396 994 1472 obedirent,

84 1491 141 1540 tum
152 1480 310 1540 libertatem
322 1480 376 1539 sibi
390 1498 508 1557 aequam
524 1498 654 1539 asserere
666 1488 833 1557 coeperunt.
853 1479 995 1539 Pernicio-

84 1583 145 1624 snm
166 1563 314 1624 admodum
331 1564 388 1622 hoc
403 1562 509 1622 bellum
523 1563 584 1623 luit.
612 1562 642 1622 P.
654 1563 776 1623 Rutilius
795 1563 895 1623 consul
910 1565 938 1622 in
959 1579 1057 1622 enno.

84 1650 198 1708 occisus
214 1657 268 1724 est,
282 1646 401 1725 Caepio,
415 1646 520 1706 nobilis
530 1648 651 1723 iuvenis,
666 1656 694 1706 et
704 1646 910 1723 PorciusCato,
923 1646 994 1706 alius
1007 1645 1053 1691 ⁰⁶2·

84 1731 190 1813 consul.
227 1731 324 1791 Duces
346 1740 439 1790 autem
464 1729 600 1790 adversus
618 1730 762 1790 Romanos
782 1729 944 1790 Picentibus
967 1740 996 1790 et
1008 1735 1059 1775 MJ-

82 1813 184 1876 lllarsis
199 1815 309 1874 luerunt
324 1813 357 1873 Τ.
368 1813 490 1889 Vettius,
513 1812 626 1873 llierins
639 1815 764 1890 Asinius,
780 1813 812 1872 Τ.
824 1813 992 1891 Herennius,
1011 1801 1056 1846 ⁶⁶³*

83 1899 116 1961 Α.
138 1898 292 1957 Cluentius.
321 1897 491 1956 ARomanis
511 1897 585 1956 bene
600 1907 696 1956 contra
713 1914 765 1956 eos
782 1908 933 1975 pugnatum
951 1907 995 1958 est

83 2003 99 2043 a
115 1981 146 2042 C.
158 1981 263 2056 llario,
287 1982 335 2058 qni
348 1981 444 2039 sexies
461 1979 560 2039 consul
575 1981 681 2056 fuerat,
702 1980 730 2040 dt
746 1980 827 2047 aCn.
844 1981 992 2059 Pompeio,

83 2067 202 2125 maxime
219 2073 311 2122 mmen
327 2061 384 2122 ab.
399 2061 531 2123 Cornelio
544 2062 638 2140 Sulla,
659 2065 706 2142 qui
718 2066 791 2122 inter
806 2063 860 2123 alia
877 2068 994 2141 egregia

83 2151 120 2208 ita
131 2148 306 2221 Cluentium,
322 2146 444 2204 hostium
461 2144 576 2223 ducem,
600 2164 664 2205 num
677 2149 784 2223 magnis
803 2149 895 2224 copiis
910 2147 992 2223 fudit,

82 2241 112 2291 nt
124 2250 160 2291 cx
174 2233 233 2290 suis
245 2247 328 2289 unum
343 2231 492 2289 amitteret.
515 2229 718 2305 Quadriennio,
732 2247 794 2288 curo
806 2232 885 2306 gravi
901 2240 993 2290 tamen

83 2316 251 2390 calamitate,
268 2314 323 2374 hoo
338 2312 443 2373 bellum
457 2321 575 2372 tractum
587 2321 640 2372 est.
669 2314 774 2385 Quinto
795 2312 904 2374 demum
921 2329 993 2374 anno

82 2401 164 2460 linem
183 2400 297 2476 accepit
320 2415 371 2475 per
387 2396 417 2456 t.
438 2395 600 2456 Cornelium
618 2396 724 2456 Sullam
746 2395 907 2474 consulem,
930 2415 994 2457 cum

81 2492 162 2543 antea
183 2485 212 2542 in
234 2481 335 2541 eodem
358 2479 435 2540 bello
455 2482 518 2558 ipse
539 2480 624 2540 multa
646 2489 777 2557 strenue,
805 2480 857 2540 sed
878 2492 994 2560 praetor

81 2586 97 2626 e
121 2569 199 2626 isset.
965 2624 968 2628 .

99 2587 119 2645 g
144 2651 232 2714 Cur.
248 2648 296 2710 IV.
314 2648 396 2729 (lll.)
422 2649 502 2707 Anno
518 2649 595 2708 urbis
611 2648 741 2708 conditae
758 2669 856 2710 ocnxu
874 2651 992 2727 primurn
1003 2656 1056 2701 Mt·

80 2735 188 2795 Romae
205 2732 309 2792 bellum
327 2732 411 2792 civile
428 2740 596 2791 commotum
616 2741 676 2807 est,
697 2731 798 2791 eodem
816 2751 888 2793 anno
909 2735 992 2794 etiam
1002 2723 1049 2769 ⁸⁶⁴·

80 2817 306 2878 Mithridaticum.
330 2814 464 2875 Caussam
478 2814 554 2875 bello
568 2816 643 2875 civili
657 2814 689 2875 C.
699 2815 804 2876 illarius
815 2819 911 2876 sexies
924 2832 991 2879 con·

80 2901 125 2961 sul
143 2900 229 2960 dedit.
258 2899 329 2959 Nam
347 2918 409 2958 curn
421 2898 498 2958 Sulla
519 2899 619 2959 consul
636 2908 732 2959 contra
747 2899 923 2960 Mithridaten
940 2921 990 2979 ge-

80 2995 173 3046 sturus
185 2982 300 3059 bellum,
317 2985 365 3061 qni
376 2982 471 3042 Asiam
486 2991 514 3042 et
530 2981 663 3043 Achaiam
677 2993 876 3062 occupaverat,
899 2988 990 3046 mitte·

79 3079 166 3144 retur,
185 3070 267 3146 isque
279 3068 432 3127 exercitum
443 3068 471 3126 in
487 3066 637 3143 Campania
650 3068 796 3146 paulisper
810 3076 936 3146 torreret,
961 3078 991 3129 ut

79 3152 148 3213 belli
160 3151 292 3226 socialis,
314 3150 349 3209 de
362 3167 418 3227 quo
431 3150 564 3226 diximus,
589 3151 665 3229 quod
679 3154 750 3211 intra
761 3150 867 3211 ltaliam
879 3163 989 3229 gestum

80 3237 181 3312 luerat,
194 3234 332 3313 reliquiae
343 3233 518 3310 tollerentur,
538 3233 643 3294 Marius
654 3235 805 3311 affectavit,
826 3244 857 3293 ut
874 3238 937 3312 ipse
956 3235 990 3295 ad

79 3319 184 3378 bellum
195 3318 410 3378 Mithridaticum
421 3319 585 3381 mitteretur.
617 3319 679 3390 Qua
697 3337 729 3377 re
741 3319 818 3378 Sulla
834 3329 989 3378 commotus

81 3405 282 3522 enrpuppopppptn
294 3402 329 3463 ad
343 3403 442 3462 urbem
452 3403 538 3465 venit,
568 3400 630 3461 lllic
642 3411 740 3462 contra
751 3401 868 3544 illariupn
887 3411 916 3461 et
927 3403 988 3462 Sul·
