2266 3832
440 251 633 309 LlBliRV.
951 248 993 310 35

81 413 243 492 respondit,
267 416 320 473 nisi
341 432 392 475 rex
402 415 510 476 relictis
526 418 577 494 iis,
597 433 669 493 quae
681 424 882 492 occupaverat,
899 414 934 475 ad
948 435 992 475 re·
1061 437 1065 447 ·

80 517 165 576 gnum
185 516 265 557 suum
281 497 413 561 redisset.
442 499 546 560 Postea
562 509 654 560 tamen
672 498 707 558 ad
724 497 898 578 colloquium
910 499 1053 559 ambone.

80 590 226 642 venerunt.
257 580 315 641 Pax
331 584 473 644 intereos
491 583 615 645 ordinata
627 591 687 660 est,
706 591 736 641 ut
747 583 825 642 Sulla
838 582 873 644 od
888 582 993 642 bellum
1004 579 1050 621 ⁶⁶⁸³

82 665 165 725 civile
177 666 313 726 festinans
324 685 340 726 a
351 676 434 745 tergo
450 667 608 745 periculum
626 682 682 726 nou
694 666 820 732 baberet,
845 667 910 746 (V.)
923 665 993 726 Nam

82 749 146 808 dum
157 748 234 809 Sulla
245 748 387 811 inAcbaia
398 760 483 829 atque
493 751 562 811 Asia
573 750 759 811 blitbridatsm
768 749 988 828 vincit,blarius‚
997 775 1050 820 pu,

81 835 128 913 qui
141 833 254 911 fugatus
268 843 342 910 erat,
366 842 395 893 et
408 833 557 894 Cornelius
569 835 668 908 Cinna,
683 853 753 894 unus
769 834 991 912 exconsulibus,
1004 845 1051 888 oss.

81 916 186 977 bellum
198 918 226 978 iu
237 916 317 977 ltalia
327 928 492 995 repararunt
503 928 532 979 et
540 919 663 997 ingressi
674 918 773 978 urbem
784 918 901 978 Romam
913 919 993 978 nobi·
1097 987 1101 996 Ι

80 1001 205 1076 lissimos
217 1019 253 1060 ex
269 1010 367 1061 senatu
379 1012 408 1063 et
419 1002 584 1063 consulares
595 1005 673 1062 viros
688 1002 905 1078 interfecerunt,
924 1001 993 1061 mul·

56 1142 58 1145 .
81 1094 126 1144 tos
149 1086 395 1163 proscripserunt,
420 1088 510 1165 ipsius
528 1087 625 1146 Sullae
645 1085 728 1145 domo
752 1104 852 1146 eversa
872 1086 945 1145 lilios
965 1095 994 1145 et

81 1184 195 1228 uxorem
208 1168 243 1228 ad
255 1169 349 1246 lugam
362 1170 566 1249 compulerunt.
592 1169 747 1230 Universos
766 1169 892 1248 reliquus
912 1188 993 1229 sena·

81 1262 125 1312 tus
140 1271 176 1312 ex
187 1253 257 1311 urbe
272 1253 385 1330 fugiens
403 1253 438 1313 ad
450 1254 556 1314 Sullam
574 1255 602 1313 in
621 1251 767 1313 Graeciam
785 1255 878 1329 venit,
898 1270 992 1330 orans,

80 1346 110 1396 ut
122 1338 229 1414 patriae
241 1336 412 1398 subveniret.
441 1337 494 1397 llle
511 1338 540 1397 in
555 1337 661 1397 ltaliam
678 1337 804 1412 traiecit,
827 1336 932 1396 bellum
955 1338 995 1395 ci·

79 1419 136 1479 vile
152 1427 285 1496 gesturus
299 1420 434 1480 adversus
446 1420 608 1481 Norbanum
626 1429 655 1480 et
667 1420 832 1498 Scipionem
850 1419 993 1481 consules.

79 1503 116 1563 Et
135 1504 226 1581 primo
243 1503 354 1581 proelio
372 1513 469 1565 contra
486 1504 649 1565 Norbanum
664 1504 805 1563 dimicavit
827 1521 884 1563 non
905 1503 1055 1581 longene.

80 1606 95 1648 a
111 1588 218 1664 Capua.
244 1585 314 1646 'l'um
326 1605 368 1647 vu
381 1588 456 1649 milia
469 1591 530 1649 eius
543 1588 657 1665 cecidit,
673 1609 702 1648 vr
715 1587 790 1648 milia
803 1590 889 1665 cepit,
909 1607 993 1648 eruum
1003 1584 1050 1629 ⁶⁶⁹·

80 1688 194 1730 suorum
207 1672 306 1733 amisit.
342 1671 412 1735 Inde
424 1674 507 1733 etiam
524 1672 559 1734 ad
571 1673 735 1751 Scipionem
754 1690 786 1731 se
806 1673 946 1731 convertit
965 1680 994 1731 et

80 1764 144 1815 ante
155 1754 294 1832 proelium
306 1765 394 1816 totum
406 1759 468 1816 eius
481 1759 635 1817 exercitum
648 1759 709 1816 sine
720 1757 857 1834 sanguine
869 1756 898 1814 in
915 1754 992 1814 dedi·

81 1842 186 1898 tionem
202 1841 323 1917 accepit.
935 1848 939 1855 '

143 1921 228 1982 (lar.
240 1920 317 1983 Vlll.
349 1923 408 1983 Sed
425 1941 488 1983 cum
500 1924 609 1984 llomae
623 1924 720 1984 mutati
733 1922 867 1982 consules
883 1931 990 2000 essent,
1003 1955 1053 2002 A„

79 2005 194 2081 illarius,
213 2004 293 2065 blasii
310 2007 399 2082 lilius,
419 2024 454 2067 ac
465 2007 593 2086 Papirius
607 2006 699 2067 Carbo
719 2005 894 2067 consulatum
909 2025 992 2066 acce·
1009 2024 1055 2069 ero.

81 2091 202 2165 pissent,
213 2087 291 2148 Sulla
304 2098 401 2149 contra
411 2088 528 2149 blarium
545 2093 681 2150 iuniorem
698 2091 840 2150 dimicavit
856 2098 885 2149 et
896 2109 932 2148 rx
943 2093 993 2148 mi-

80 2171 154 2230 libus
169 2173 230 2230 eius
247 2174 352 2232 occisis
365 2194 438 2234 ecoe
452 2173 487 2232 de
499 2176 558 2233 suis
572 2173 702 2252 perdidit.
724 2171 792 2233 blox
804 2173 888 2232 ctiam
896 2173 994 2232 urbem
1039 2236 1044 2244 ,

81 2255 229 2334 ingressus
242 2265 295 2317 est.
327 2255 455 2334 blasium,
469 2256 549 2317 blarii
563 2257 659 2334 lilium,
673 2256 845 2318 Praenesten
857 2273 993 2333 persecu·

78 2348 123 2399 tus
142 2339 254 2399 obsedit
272 2349 300 2400 et
317 2341 352 2400 ad
368 2351 487 2402 mortem
499 2341 642 2419 compulit.
676 2341 785 2423 Rursus
798 2357 993 2418 pugnamgra-

77 2424 221 2484 vissimam
238 2425 334 2484 babuit
353 2434 449 2485 contra
464 2425 646 2504 lamponium
664 2434 693 2484 et
706 2423 880 2495 Casinatem,
905 2423 993 2482 duces

79 2507 167 2584 partis
182 2505 342 2584 Marianae,
362 2508 397 2568 ad
414 2519 523 2586 portam
535 2508 683 2569 Collinam.
712 2528 767 2569 uxr
777 2506 853 2566 milia
870 2508 1005 2567 bostium·

79 2593 105 2649 in
124 2607 159 2649 eo
176 2591 287 2668 proelio
300 2601 397 2651 contra
408 2592 513 2652 Sullam
530 2593 621 2651 fuisse
634 2592 772 2654 dicuntur.
804 2610 847 2650 rur
865 2591 941 2650 milia
959 2609 992 2650 se

78 2673 174 2734 Sullae
186 2673 363 2752 dediderunt,
382 2679 470 2735 ceteri
483 2678 510 2735 iu
522 2679 595 2751 acie,
608 2677 760 2751 incastris,
774 2676 802 2733 in
814 2674 896 2751 fuga,
918 2677 992 2734 insa·

78 2757 166 2816 tiabili
182 2760 222 2818 ira
233 2761 350 2818 victoris
368 2763 527 2837 consumpti
539 2768 611 2821 sunt.
630 2756 710 2838 (VI.)
735 2755 785 2818 (ln.
799 2773 913 2835 quoque
926 2756 992 2817 Car·

77 2841 126 2916 bo,
139 2840 238 2900 consul
250 2841 330 2918 alter,
344 2840 511 2903 ab'drimino
523 2843 689 2903 adSiciliam
700 2843 773 2920 fugit
785 2850 813 2900 et
826 2841 865 2900 ibi
879 2858 930 2918 per
941 2839 992 2904 Cn.

77 2923 241 3002 Pompeium
259 2925 424 2985 interiectus
446 2935 505 3003 est,
526 2945 610 3006 quem
627 2925 839 2986 adolescentem
858 2924 936 2985 Sulla
953 2933 992 2985 at·

78 3026 134 3087 que
155 3026 244 3068 annos
261 3028 344 3068 unum
363 3018 391 3069 et
411 3012 510 3088 viginti
530 3019 623 3071 natum
640 3012 755 3089 cognita
776 3011 838 3068 eius
857 3009 992 3069 industria

77 3094 160 3151 tantis
186 3093 358 3152 exercitibus
381 3093 576 3171 praefecerat,
603 3102 634 3152 ut
655 3094 797 3154 secundos
816 3111 832 3151 a
851 3092 928 3152 Sulla
944 3094 992 3153 ba·

76 3175 201 3238 beretur.

143 3260 227 3322 Gne.
240 3259 290 3320 IX.
309 3260 416 3320 Occiso
430 3278 500 3339 ergo
513 3259 774 3322 GarboneSiciliam
783 3260 936 3336 Pompeius
948 3277 992 3316 re-

78 3345 163 3420 cepit.
191 3342 400 3422 Transgressus
414 3344 479 3405 inde
490 3345 525 3404 ad
536 3346 661 3405 Africam
670 3344 838 3418 Domitium,
851 3341 993 3402 Marianas

77 3428 165 3504 partis
178 3426 288 3506 ducem,
302 3438 330 3488 et
341 3427 488 3506 Hiarbam,
505 3446 603 3506 regem
614 3429 822 3570 illauretaniae5
837 3428 885 3543 pul
895 3424 991 3486 Domi-
