2266 3832
113 177 154 240 30
459 191 742 239 sncnrnrrrcun.

114 343 201 407 caesi
212 341 255 405 ad
265 341 405 405 hostium
417 343 607 424 satietatem,
619 308 722 406 denec
732 341 879 427 Annibal
888 343 1018 407 diceret
1027 345 1110 410 milit

115 447 173 490 suo
186 432 301 523 '‘parce
317 425 428 524 ferros
457 424 576 523 ducum
592 425 678 570 fuglit
695 424 786 507 alter,
804 424 890 523 alter
905 427 1038 491 occisus
1057 438 1106 492 est

116 508 260 588 dublum,
272 516 345 571 uter
356 528 477 571 marera
489 529 606 572 ammo.
670 507 780 571 aulum
789 507 916 592 pudurt,
934 508 1045 575 Varro
1057 532 1111 575 nor

78 591 312 676 18desperavit.
342 591 535 655 documenta
545 590 649 655 cladis
661 599 814 654 cruentus
825 589 1021 677 aliquandiu
1031 594 1111 658 Auli

116 675 186 755 dus,
198 695 279 757 pons
294 673 335 736 de
353 673 567 737 cadaveribus
585 674 678 737 iussu
695 673 787 738 ducis
799 673 905 739 factus
922 675 960 739 in
975 686 1111 742 torrenta

115 755 279 840 Vergello,
296 756 397 821 modii
408 755 472 821 duo
484 756 654 821 anulorum
667 755 745 820 Cart
812 757 898 820 'nem
907 758 1003 822 missi
1015 759 1111 844 digni

73 848 228 925 rotasque
247 840 406 924 equestris
430 847 542 903 taxata
561 860 724 903 mensura.
754 839 798 904 du
816 840 889 905 ,ium
909 839 1033 906 deinde
1056 864 1111 923 nor

116 922 178 986 erit
190 923 268 1007 quin
278 920 426 985 ultimum
438 921 530 986 illum
541 921 628 986 diem
638 921 788 987 habitura
799 921 898 987 fuerit
908 922 1016 989 Roma
1029 927 1111 1012 quin«

115 1014 248 1104 tumque
258 1006 343 1067 intra
355 1004 442 1068 diem
453 1005 578 1091 epulari
589 1005 733 1070 Annibal
744 1006 778 1068 in
791 1004 953 1152 Capitolio
964 1011 1110 1093 potuerit

117 1110 153 1170 s1,
173 1086 260 1173 quod
271 1086 416 1151 Poenum
428 1086 521 1153 illum
538 1088 662 1152 dixisse
678 1088 837 1153 Maharba
851 1111 903 1154 em
919 1080 1111 1156 Bomilcarii

116 1170 234 1252 ferunt,
253 1169 399 1234 Annibal
416 1193 512 1256 quem
529 1170 716 1235 admodum
734 1173 831 1235 sciret
848 1174 992 1256 vincere,
1010 1176 1059 1239 sic
1071 1180 1111 1240 ut'

71 1278 105 1328 20
115 1255 253 1319 victoria
263 1256 387 1318 scisset.
400 1263 449 1317 sct
458 1263 527 1317 tum
539 1253 669 1340 quidem
679 1253 779 1336 illum,
791 1262 827 1319 ut
839 1255 904 1320 dici
915 1256 1015 1341 volgo
1028 1258 1111 1339 solet

116 1347 174 1401 aut
194 1339 298 1401 fatum
318 1337 408 1402 urbis
430 1338 474 1399 im
499 1346 645 1400 cratinae
667 1347 723 1400 aut
744 1339 756 1399 i
781 1340 847 1402 sius
869 1360 962 1403 mens
982 1341 1072 1405 mala
1089 1364 1111 1406 e

72 1451 103 1499 21
117 1423 224 1486 aversi
236 1443 255 1488 a
268 1419 464 1504 Carthagine
474 1360 507 1482 ii
519 1421 553 1483 in
564 1419 730 1484 diversum
740 1359 953 1486 abstulerunt.
966 1445 1043 1488 cum
1054 1427 1111 1490 vic⁴

115 1506 201 1569 teria
210 1511 320 1589 posset
330 1504 387 1585 uti,
399 1504 464 1567 frui
472 1503 595 1583 maluit,
606 1503 783 1590 relictaque
794 1504 898 1568 Roma
906 1504 1111 1592 Campaniam

117 1587 357 1671 Tarentumque
374 1587 535 1671 perrexit3
561 1584 618 1649 ubi
638 1608 715 1651 mox
731 1596 763 1651 et
780 1588 883 1673 ipsius
902 1596 934 1652 et
954 1593 1111 1656 exercitur

117 1669 213 1733 ardor
225 1668 378 1752 elanguit,
389 1668 471 1732 adeo
483 1677 607 1733 uivere
619 1669 740 1734 dictum
752 1671 795 1733 sit
807 1670 952 1757 Capuam
961 1673 1111 1739 Annibal

76 1770 109 1818 22
122 1752 251 1817 Cannas
262 1751 374 1815 fuisse.
405 1752 433 1814 si
445 1752 576 1850 quidem
592 1753 751 1817 invictum
761 1753 901 1840 Alpibus
913 1755 1111 1821 indomitum·

118 1856 180 1922 que
194 1836 291 1898 armis
304 1833 462 1934 Campam
478 1872 520 1882 —
533 1837 605 1921 quis
618 1835 788 1900 crederet?
797 1874 841 1887 -
858 1836 942 1901 soles
959 1848 993 1903 et
1008 1848 1111 1925 tepen·

116 1927 165 1983 tes
177 1917 323 1982 fontibus
337 1918 438 1982 Barae
451 1916 658 2002 subegerunt.
812 1922 815 1927 '

74 2021 107 2073 23
201 2003 400 2068 Permissum
417 2011 466 2067 est
483 2003 613 2067 interim
629 2003 791 2087 respirare
802 2003 957 2068 Romanis
976 2015 1009 2069 et
1026 2029 1111 2093 quas]

118 2086 159 2150 ab
172 2086 286 2151 inferis
302 2108 477 2171 emergere.
505 2108 594 2150 arma
604 2109 669 2150 nen
681 2094 787 2149 erant:
800 2086 944 2151 detracta
954 2098 1031 2153 sunt
1041 2098 1111 2155 tem·

117 2171 192 2256 plis.
217 2171 328 2235 deerat
338 2173 506 2235 iuventus:
526 2171 560 2232 in
573 2177 809 2234 sacramentum
824 2169 963 2234 liberata
973 2175 1109 2237 servitia

75 2278 109 2326 24
119 2254 237 2337 egebat
253 2256 427 2317 aerarium:
455 2275 532 2339 opes
550 2275 625 2316 suas
643 2261 774 2317 senatus
791 2254 826 2316 in
848 2253 991 2318 medium
1011 2253 1111 2320 libem

118 2336 260 2421 protulit,
282 2358 342 2400 nec
362 2346 492 2422 praeter
516 2336 602 2433 quod
622 2338 657 2399 in
677 2334 777 2399 bullis
794 2337 994 2423 singulisque
1010 2339 1111 2403 anulis

119 2427 188 2482 erat
204 2421 376 2505 quicquam
392 2419 455 2482 sibi
472 2440 543 2482 aurr
558 2419 768 2505 reliquerunt.
802 2441 899 2506 eques
915 2430 1045 2485 secutus
1063 2444 1111 2487 ex·

77 2517 110 2566 25
120 2500 260 2586 emplum
274 2502 481 2588 imitataeque
500 2503 640 2587 equitem
650 2500 766 2565 tribus.
794 2502 933 2588 denique
950 2504 1011 2568 vix
1023 2507 1111 2569 suffe·

119 2605 192 2648 cere
203 2582 343 2667 tabulae,
355 2585 414 2647 vix
425 2583 604 2648 scribarum
614 2607 728 2648 manus
739 2584 885 2651 Laevino
896 2586 1111 2675 Marcelloque

120 2665 317 2748 consulibus,
333 2689 406 2731 eum
419 2669 621 2753 privatorum
638 2690 715 2754 opes
734 2670 767 2730 in
780 2666 948 2753 publicum
958 2670 1111 2737 referren-

75 2759 182 2819 rctur.
210 2749 289 2834 quid
307 2759 414 2813 autem
421 2753 437 2812 1
461 2751 496 2813 in
514 2751 672 2849 eligendis
686 2752 929 2834 magistratibus
944 2775 1028 2840 quae
1043 2777 1111 2820 cen·

118 2833 276 2897 turiarum
287 2834 455 2919 sapientia,
473 2856 547 2897 cum
557 2836 699 2897 iuniores
721 2854 741 2895 a
753 2835 934 2900 senioribus
946 2838 1111 2903 consilium

119 2917 159 2980 de
171 2915 320 2980 creandis
338 2915 525 2980 consulibus
537 2919 730 3002 petiverunt.
763 2918 881 3003 quippe
893 2919 1051 2985 adversus
1062 2922 1111 2988 ho·

120 3007 203 3063 stem
215 3001 332 3062 totiens
344 3000 509 3081 victorem,
524 3009 591 3063 tam
606 3000 760 3064 callidum
775 3022 841 3064 nen
850 3002 971 3067 virtute
982 3013 1111 3088 tantum¹

122 3082 180 3147 sed
190 3081 257 3145 suis
269 3082 367 3145 etiam
400 3103 523 3166 ugnare
535 3082 678 3146 consiliis
690 3083 868 3168 oportebat.

78 3183 112 3233 ‘27
204 3163 313 3228 Prima
323 3104 489 3230 redbuntis
501 3174 541 3247 et,
552 3174 589 3229 ut
599 3167 644 3229 ita
655 3166 802 3248 dixerim,
813 3168 1047 3235 revivescentis
1058 3172 1111 3236 im·

120 3251 204 3337 perii
216 3270 289 3335 spes
300 3247 424 3312 Fabius
434 3248 505 3329 fuit,
524 3249 578 3335 qui
592 3269 710 3312 novam
721 3249 761 3313 de
771 3250 934 3315 Annibale
947 3253 1111 3318 victoriam

122 3341 320 3399 commentus
332 3340 389 3414 est,
404 3353 469 3396 nen
478 3353 635 3417 pugnare.
662 3333 737 3396 hinc
747 3332 796 3395 illi
808 3355 845 3397 cc
892 3355 986 3399 omen
996 3357 1111 3402 novum

123 3425 155 3480 et
165 3419 214 3481 rei
225 3417 374 3503 publicae
392 3415 531 3480 salutare
550 3413 846 3497 cunctat013hinci
872 3417 918 3481 ud
933 3421 1111 3507 expopulo,
