2266 3832
10 150 30 283 l
249 238 356 285 umus
377 236 606 284 nanomnms.
633 219 956 283 XXX-XXXVI.
1065 226 1106 286 25

93 413 159 459 rex
179 390 348 476 appellari.
392 386 589 469 Antiochus,
633 389 668 451 ui
689 390 761 452 iam·
774 389 912 472 scriptus
936 398 994 451 est.
1039 389 1104 452 Eu-

94 496 208 541 menes
231 474 332 554 alins,
355 473 411 557 qui
423 473 585 535 Romanos
634 472 811 536 acedonico
825 471 912 535 bello
929 471 1012 535 iuvit
1032 494 1105 536 cum

10 576 35 641 ξι,
93 559 199 623 milito
228 578 297 622 suo.
341 555 487 635 Attalus,
517 557 572 640 qui
594 577 653 640 pro
672 555 827 619 Romanis
859 577 956 640 saepe
980 578 1103 640 pugna-

10 664 30 735 ᾗ
94 645 162 723 vit3
183 641 271 705 idem
292 649 484 704 testamento
508 661 566 702 suo
582 640 738 724 populum
750 640 932 703 Romanum
953 639 1106 703 heredem

66 727 187 792 slecit.

10 744 33 933 d
138 847 326 915 XXXIIH.
370 847 517 912 REGES
545 847 683 912 PONTI
710 848 769 912 ET
796 848 1061 912 BITHYNIAE.

181 962 382 1041 Pharnaces,
410 983 471 1024 rex
491 961 679 1046 Bithyniae,
702 962 788 1025 filius
810 961 1026 1042 Mithridatis,
1049 962 1129 1045 quil

92 1045 183 1110 hello
205 1045 296 1110 civili
322 1045 408 1130 quod
429 1046 463 1107 in
485 1044 657 1108 Pharsalia
685 1055 813 1130 gestum
836 1054 900 1127 est,
928 1046 1030 1109 milite
1050 1066 1106 1129 pa-

93 1131 156 1192 tris
173 1131 223 1193 sui
237 1127 366 1215 Syriam
387 1130 516 1209 invasit,
539 1142 571 1191 et
594 1130 737 1193 adventu
751 1129 910 1211 Caesaris,
933 1139 1106 1227 antequam

54 1240 84 1283 so
95 1215 132 1276 in
149 1234 357 1297 congressum
378 1212 446 1275 eius
461 1215 602 1293 veniret,
625 1215 695 1298 ipso
708 1224 830 1278 terrore
844 1214 983 1276 nominis
998 1221 1104 1275 victus

93 1296 220 1381 refugit
246 1298 280 1360 in
301 1296 451 1360 Pontum.
495 1296 628 1359 Prusias
657 1319 732 1378 rex,
763 1298 885 1360 amicus
907 1297 1019 1395 populi
1040 1296 1103 1359 Ro-

93 1382 201 1462 mani,
231 1380 273 1443 ad
301 1402 396 1466 quem
416 1378 561 1442 Annibal
588 1382 674 1444 victo
696 1380 857 1444 Antiocho
880 1381 1043 1464 conlugit,
1073 1388 1105 1442 et

94 1486 170 1530 cum
192 1486 311 1548 aroge
339 1472 569 1611 exposceretur
589 1486 648 1550 per
667 1465 791 1548 legatos
818 1485 946 1528 veneno
969 1485 1004 1527 se
1025 1462 1105 1526 libc-

93 1550 193 1613 ravit.
237 1547 371 1612 Nicome
396 1569 446 1629 es,
476 1548 582 1611 socius
610 1557 642 1611 et
669 1549 791 1612 amicus
818 1569 860 1633 po
883 1548 930 1611 uli
955 1547 1104 1627 Romani,

56 1658 86 1700 ss
95 1633 134 1695 in
158 1633 249 1695 ouius
278 1633 420 1695 amicitia
446 1632 551 1715 prima
573 1640 679 1695 aetate
702 1632 825 1695 Caesar
852 1571 929 1713 ldis,
959 1633 1015 1717 qui
1039 1652 1106 1693 mo-

94 1716 185 1877 psieplrs
208 1724 398 1778 testamento
423 1725 454 1778 et
481 1716 551 1799 ipse
572 1716 727 1801 populum
747 1716 929 1800 Romanum
952 1715 1107 1778 heredem

164 1800 275 1863 imisit.

253 1923 397 1987 XXXV.
442 1922 589 1988 REGES
608 1924 951 1988 ALEXANDRIAE.

180 2034 261 2098 Post
293 2045 428 2098 mortem
455 2036 636 2099 Alexandri
663 2035 851 2099 Macedonis
886 2041 1130 2116 regnaveruntl

57 2119 319 2183 aoAlexandriae
333 2119 354 2195 †
366 2119 415 2182 Ao
440 2128 554 2203 yptum
572 2129 643 2183 octo
660 2118 838 2182 Ptolemaei
852 2119 991 2197 nomine,
1014 2116 1107 2179 mnlti

96 2202 272 2266 clarissimi
298 2202 372 2265 viri.
418 2141 627 2266 Xtolemaeus
654 2202 851 2286 Euergetes,
881 2202 936 2286 qui
961 2201 1103 2263 Alexan-

96 2286 192 2350 drum
215 2295 293 2372 aput
312 2284 366 2349 Ox
391 2287 504 2349 dracas
525 2285 650 2349 obiecto
675 2286 778 2370 clipeo
800 2286 953 2371 protexit.
999 2282 1105 2346 Ptole-

95 2390 223 2450 maeus,
254 2371 323 2433 eius
338 2309 446 2450 filius,
471 2368 719 2455 Philadelphus,
749 2369 1016 2447 litteratissimus,
1050 2367 1106 2452 qui

94 2453 253 2539 plurimos
277 2453 377 2516 libros
407 2453 563 2518 Graecos·
578 2455 716 2538 scripsit.
768 2453 973 2517 Ptolomaeus
1002 2451 1104 2530 Soter,
1129 2476 1133 2484 ¹

10 2614 19 2621 ·
60 2538 155 2622 aqui
166 2539 292 2621 ingenti
305 2538 409 2601 classe
424 2537 568 2600 Rhodios
585 2539 675 2601 vicit.
720 2536 925 2601 Ptolemaeus
940 2536 985 2598 Tr
1031 2536 1106 2614 hon,

119 2620 155 2684 ui
177 2622 349 2685 seditiosos
371 2621 406 2683 in
418 2620 543 2684 theatro
566 2622 693 2704 sagittis
715 2620 843 2701 occidit,
866 2622 946 2684 alios
968 2559 1105 2682 ffhlnmis

97 2642 200 2769 dedit.
243 2704 349 2768 Huius
368 2703 454 2768 filius
476 2705 497 2781 †
516 2703 625 2788 Cipris
647 2725 705 2788 pro
717 2705 873 2768 Romanis
895 2704 996 2767 multa
1017 2702 1124 2765 bella

120 2789 201 2853 ossit
229 2788 386 2852 adversus
416 2787 628 2852 Garamantas
661 2795 693 2850 et
717 2787 828 2851 Indos.
889 2787 1105 2867 Ptolemaeus,

95 2810 247 2956 Xupillus
271 2871 390 2953 dictus,
419 2872 475 2956 qui
494 2871 684 2955 Pompeium
704 2879 843 2934 tutorem
871 2892 891 2933 a
919 2879 1034 2932 senatu
1056 2889 1107 2931 ao·

62 2956 201 3053 sucepit,
231 2955 334 3019 donec
358 2955 563 3040 pubesceret,
592 2965 623 3018 et
643 2964 757 3040 postea
780 2955 870 3017 civili
895 2953 982 3017 bello
1004 2973 1023 3015 a
1046 2951 1108 3014 Po-

97 3037 192 3103 thmo
215 3039 404 3103 interfectus
425 3047 483 3102 est.

97 3175 263 3241 XXXVI.
308 3176 457 3244 DVOES
485 3177 719 3340 11]ΤὸῗὲὶὲΕὸ
747 3174 1107 3245 OARTHAGINIEN-

184 3386 303 3449 Hanno
332 3394 364 3449 et
384 3386 497 3470 Mago,
527 3389 581 3472 qui
603 3395 705 3466 primo
726 3386 850 3451 Punico
877 3385 963 3449 bello
987 3383 1106 3448 Corne·

58 3468 179 3539 alium
201 3469 365 3533 consulem
387 3471 474 3556 apud
492 3471 629 3556 Liparas
652 3479 817 3556 ceperunt.
849 3467 1032 3549 Hamilcar,
1050 3467 1133 3554 qni

152 3704 160 3725 Ι

10 3766 29 3803 ἱ
103 3752 240 3803 ,ιώ
