<?xml version="1.0" encoding="UTF-8"?>
<!DOCTYPE html PUBLIC "-//W3C//DTD XHTML 1.0 Transitional//EN"
    "http://www.w3.org/TR/xhtml1/DTD/xhtml1-transitional.dtd">
<html xmlns="http://www.w3.org/1999/xhtml" xml:lang="en" lang="en">
 <head>
  <title>
</title>
<meta http-equiv="Content-Type" content="text/html;charset=utf-8" />
  <meta name='ocr-system' content='tesseract 3.04.00' />
  <meta name='ocr-capabilities' content='ocr_page ocr_carea ocr_par ocr_line ocrx_word'/>
</head>
<body>
  <div class='ocr_page' id='page_1' title='image "./eutropiibreviar01crugoog_0124.png"; bbox 0 0 2266 3832; ppageno 0'>
   <div class='ocr_carea' id='block_1_1' title="bbox 369 215 1040 304">
    <p class='ocr_par' dir='ltr' id='par_1_1' title="bbox 369 215 1040 304">
     <span class='ocr_line' id='line_1_1' title="bbox 369 215 1040 304; baseline 0 -26"><span class='ocrx_word' id='word_1_1' title='bbox 369 215 514 298; x_wconf 78' lang='lat' dir='ltr'><strong>1,4.o.o</strong></span> <span class='ocrx_word' id='word_1_2' title='bbox 532 215 703 304; x_wconf 68' lang='lat' dir='ltr'><strong>[ro-rap</strong></span> <span class='ocrx_word' id='word_1_3' title='bbox 1006 222 1040 278; x_wconf 88' lang='lat'><strong>11</strong></span> 
     </span>
    </p>
   </div>
   <div class='ocr_carea' id='block_1_2' title="bbox 10 383 1125 3223">
    <p class='ocr_par' dir='ltr' id='par_1_2' title="bbox 10 383 1125 3223">
     <span class='ocr_line' id='line_1_2' title="bbox 34 383 1041 468; baseline -0.003 -19"><span class='ocrx_word' id='word_1_4' title='bbox 34 405 157 450; x_wconf 90' lang='lat' dir='ltr'><strong>exuere</strong></span> <span class='ocrx_word' id='word_1_5' title='bbox 168 383 278 448; x_wconf 88' lang='lat' dir='ltr'><strong>frenos</strong></span> <span class='ocrx_word' id='word_1_6' title='bbox 290 384 334 445; x_wconf 94' lang='lat' dir='ltr'><strong>im</strong></span> <span class='ocrx_word' id='word_1_7' title='bbox 357 385 512 447; x_wconf 86' lang='lat' dir='ltr'><strong>eravit—</strong></span> <span class='ocrx_word' id='word_1_8' title='bbox 529 392 561 448; x_wconf 91' lang='lat' dir='ltr'><strong>et</strong></span> <span class='ocrx_word' id='word_1_9' title='bbox 581 383 642 448; x_wconf 90' lang='lat' dir='ltr'><strong>hoc</strong></span> <span class='ocrx_word' id='word_1_10' title='bbox 653 405 773 448; x_wconf 70' lang='lat' dir='ltr'><strong>notum</strong></span> <span class='ocrx_word' id='word_1_11' title='bbox 783 422 834 466; x_wconf 91' lang='lat'><strong>-,</strong></span> <span class='ocrx_word' id='word_1_12' title='bbox 854 404 917 468; x_wconf 94' lang='lat' dir='ltr'><strong>quo</strong></span> <span class='ocrx_word' id='word_1_13' title='bbox 936 384 1041 446; x_wconf 88' lang='lat' dir='ltr'><strong>acrius</strong></span> 
     </span>
     <span class='ocr_line' id='line_1_3' title="bbox 34 405 1068 553; baseline -0.004 -21"><span class='ocrx_word' id='word_1_14' title='bbox 34 470 248 532; x_wconf 75' lang='lat' dir='ltr'><strong>incurrerent.</strong></span> <span class='ocrx_word' id='word_1_15' title='bbox 278 488 317 530; x_wconf 91' lang='lat' dir='ltr'><strong>ea</strong></span> <span class='ocrx_word' id='word_1_16' title='bbox 333 405 474 553; x_wconf 73' lang='lat' dir='ltr'><strong>denique</strong></span> <span class='ocrx_word' id='word_1_17' title='bbox 492 468 642 531; x_wconf 81' lang='lat' dir='ltr'><strong>atrocitas</strong></span> <span class='ocrx_word' id='word_1_18' title='bbox 682 467 775 531; x_wconf 89' lang='lat' dir='ltr'><strong>roelii</strong></span> <span class='ocrx_word' id='word_1_19' title='bbox 792 467 854 531; x_wconf 88' lang='lat' dir='ltr'><strong>fuit</strong></span> <span class='ocrx_word' id='word_1_20' title='bbox 859 515 868 547; x_wconf 92' lang='lat'><strong>,</strong></span> <span class='ocrx_word' id='word_1_21' title='bbox 886 476 923 530; x_wconf 89' lang='lat' dir='ltr'><strong>ut</strong></span> <span class='ocrx_word' id='word_1_22' title='bbox 940 469 1068 530; x_wconf 81' lang='lat' dir='ltr'><strong>inter-4</strong></span> 
     </span>
     <span class='ocr_line' id='line_1_4' title="bbox 35 550 1039 634; baseline -0.001 -20"><span class='ocrx_word' id='word_1_23' title='bbox 35 551 140 615; x_wconf 80' lang='lat' dir='ltr'><strong>fuisse</strong></span> <span class='ocrx_word' id='word_1_24' title='bbox 158 550 341 634; x_wconf 85' lang='lat' dir='ltr'><strong>spectaculo</strong></span> <span class='ocrx_word' id='word_1_25' title='bbox 360 550 438 614; x_wconf 88' lang='lat' dir='ltr'><strong>deos</strong></span> <span class='ocrx_word' id='word_1_26' title='bbox 456 550 543 614; x_wconf 88' lang='lat' dir='ltr'><strong>fama</strong></span> <span class='ocrx_word' id='word_1_27' title='bbox 561 551 646 615; x_wconf 88' lang='lat' dir='ltr'><strong>tradi</strong></span> <span class='ocrx_word' id='word_1_28' title='bbox 672 553 741 614; x_wconf 89' lang='lat' dir='ltr'><strong>erit.</strong></span> <span class='ocrx_word' id='word_1_29' title='bbox 768 551 831 615; x_wconf 90' lang='lat' dir='ltr'><strong>duo</strong></span> <span class='ocrx_word' id='word_1_30' title='bbox 847 553 881 614; x_wconf 92' lang='lat' dir='ltr'><strong>in</strong></span> <span class='ocrx_word' id='word_1_31' title='bbox 892 550 1039 614; x_wconf 89' lang='lat' dir='ltr'><strong>candidis</strong></span> 
     </span>
     <span class='ocr_line' id='line_1_5' title="bbox 37 633 1041 719; baseline -0.002 -20"><span class='ocrx_word' id='word_1_32' title='bbox 37 655 54 699; x_wconf 87' lang='lat' dir='ltr'><strong>e</strong></span> <span class='ocrx_word' id='word_1_33' title='bbox 77 635 130 698; x_wconf 89' lang='lat' dir='ltr'><strong>uis</strong></span> <span class='ocrx_word' id='word_1_34' title='bbox 138 635 272 698; x_wconf 88' lang='lat' dir='ltr'><strong>iuvenes</strong></span> <span class='ocrx_word' id='word_1_35' title='bbox 279 654 368 697; x_wconf 93' lang='lat' dir='ltr'><strong>more</strong></span> <span class='ocrx_word' id='word_1_36' title='bbox 375 634 859 719; x_wconf 78' lang='lat' dir='ltr'><strong>siderumpraetervolaverunt3</strong></span> <span class='ocrx_word' id='word_1_37' title='bbox 873 633 1041 698; x_wconf 82' lang='lat' dir='ltr'><strong>Castorem</strong></span> 
     </span>
     <span class='ocr_line' id='line_1_6' title="bbox 12 715 1041 803; baseline -0.001 -23"><span class='ocrx_word' id='word_1_38' title='bbox 12 732 28 773; x_wconf 75' lang='lat'>⁸</span> <span class='ocrx_word' id='word_1_39' title='bbox 79 737 143 803; x_wconf 90' lang='lat' dir='ltr'><strong>que</strong></span> <span class='ocrx_word' id='word_1_40' title='bbox 153 715 320 781; x_wconf 90' lang='lat' dir='ltr'><strong>Pollucem</strong></span> <span class='ocrx_word' id='word_1_41' title='bbox 329 738 423 781; x_wconf 91' lang='lat' dir='ltr'><strong>nemo</strong></span> <span class='ocrx_word' id='word_1_42' title='bbox 436 716 606 782; x_wconf 86' lang='lat' dir='ltr'><strong>dubitavit.</strong></span> <span class='ocrx_word' id='word_1_43' title='bbox 625 719 733 803; x_wconf 88' lang='lat' dir='ltr'><strong>itaque</strong></span> <span class='ocrx_word' id='word_1_44' title='bbox 744 726 776 781; x_wconf 92' lang='lat' dir='ltr'><strong>et</strong></span> <span class='ocrx_word' id='word_1_45' title='bbox 787 720 960 802; x_wconf 90' lang='lat' dir='ltr'><strong>imperator</strong></span> <span class='ocrx_word' id='word_1_46' title='bbox 971 719 1041 802; x_wconf 92' lang='lat' dir='ltr'><strong>ipse</strong></span> 
     </span>
     <span class='ocr_line' id='line_1_7' title="bbox 35 801 1042 887; baseline -0.001 -22"><span class='ocrx_word' id='word_1_47' title='bbox 35 808 210 865; x_wconf 88' lang='lat' dir='ltr'><strong>veneratus</strong></span> <span class='ocrx_word' id='word_1_48' title='bbox 239 809 289 864; x_wconf 89' lang='lat' dir='ltr'><strong>est</strong></span> <span class='ocrx_word' id='word_1_49' title='bbox 306 810 485 887; x_wconf 86' lang='lat' dir='ltr'><strong>pactusque</strong></span> <span class='ocrx_word' id='word_1_50' title='bbox 505 802 675 866; x_wconf 88' lang='lat' dir='ltr'><strong>victoriam</strong></span> <span class='ocrx_word' id='word_1_51' title='bbox 695 801 817 887; x_wconf 88' lang='lat' dir='ltr'><strong>templa</strong></span> <span class='ocrx_word' id='word_1_52' title='bbox 839 803 988 887; x_wconf 80' lang='lat' dir='ltr'><strong>promisit</strong></span> <span class='ocrx_word' id='word_1_53' title='bbox 1010 808 1042 864; x_wconf 91' lang='lat' dir='ltr'><strong>et</strong></span> 
     </span>
     <span class='ocr_line' id='line_1_8' title="bbox 34 882 964 971; baseline 0 -24"><span class='ocrx_word' id='word_1_54' title='bbox 34 882 189 965; x_wconf 75' lang='lat' dir='ltr'><strong>reddidit,</strong></span> <span class='ocrx_word' id='word_1_55' title='bbox 200 883 297 969; x_wconf 88' lang='lat' dir='ltr'><strong>plane</strong></span> <span class='ocrx_word' id='word_1_56' title='bbox 308 886 402 971; x_wconf 89' lang='lat' dir='ltr'><strong>quasi</strong></span> <span class='ocrx_word' id='word_1_57' title='bbox 412 885 607 969; x_wconf 84' lang='lat' dir='ltr'><strong>stipendium</strong></span> <span class='ocrx_word' id='word_1_58' title='bbox 619 885 891 949; x_wconf 84' lang='lat' dir='ltr'><strong>commilitonibus</strong></span> <span class='ocrx_word' id='word_1_59' title='bbox 903 884 964 948; x_wconf 89' lang='lat' dir='ltr'><strong>dis.</strong></span> 
     </span>
     <span class='ocr_line' id='line_1_9' title="bbox 120 965 1068 1053; baseline 0.001 -23"><span class='ocrx_word' id='word_1_60' title='bbox 120 965 288 1032; x_wconf 83' lang='lat' dir='ltr'><strong>Hactenus</strong></span> <span class='ocrx_word' id='word_1_61' title='bbox 305 989 365 1053; x_wconf 91' lang='lat' dir='ltr'><strong>pro</strong></span> <span class='ocrx_word' id='word_1_62' title='bbox 381 966 545 1050; x_wconf 90' lang='lat' dir='ltr'><strong>libertate,</strong></span> <span class='ocrx_word' id='word_1_63' title='bbox 562 991 640 1033; x_wconf 86' lang='lat' dir='ltr'><strong>mox</strong></span> <span class='ocrx_word' id='word_1_64' title='bbox 658 968 697 1032; x_wconf 92' lang='lat' dir='ltr'><strong>de</strong></span> <span class='ocrx_word' id='word_1_65' title='bbox 712 967 831 1032; x_wconf 90' lang='lat' dir='ltr'><strong>finibus</strong></span> <span class='ocrx_word' id='word_1_66' title='bbox 850 990 924 1032; x_wconf 91' lang='lat' dir='ltr'><strong>cum</strong></span> <span class='ocrx_word' id='word_1_67' title='bbox 938 968 1068 1032; x_wconf 75' lang='lat' dir='ltr'><strong>isdeme</strong></span> 
     </span>
     <span class='ocr_line' id='line_1_10' title="bbox 34 1050 1066 1151; baseline -0.001 -36"><span class='ocrx_word' id='word_1_68' title='bbox 34 1050 163 1115; x_wconf 85' lang='lat' dir='ltr'><strong>Latinis</strong></span> <span class='ocrx_word' id='word_1_69' title='bbox 175 1050 312 1116; x_wconf 88' lang='lat' dir='ltr'><strong>adsidue</strong></span> <span class='ocrx_word' id='word_1_70' title='bbox 324 1059 356 1115; x_wconf 89' lang='lat' dir='ltr'><strong>et</strong></span> <span class='ocrx_word' id='word_1_71' title='bbox 364 1053 433 1116; x_wconf 91' lang='lat' dir='ltr'><strong>sine</strong></span> <span class='ocrx_word' id='word_1_72' title='bbox 444 1052 682 1116; x_wconf 89' lang='lat' dir='ltr'><strong>intermissione</strong></span> <span class='ocrx_word' id='word_1_73' title='bbox 692 1061 871 1151; x_wconf 82' lang='lat' dir='ltr'><strong>pugnatum</strong></span> <span class='ocrx_word' id='word_1_74' title='bbox 882 1060 940 1115; x_wconf 90' lang='lat' dir='ltr'><strong>est.</strong></span> <span class='ocrx_word' id='word_1_75' title='bbox 955 1051 1066 1122; x_wconf 73' lang='lat' dir='ltr'><strong>Coras</strong></span> 
     </span>
     <span class='ocr_line' id='line_1_11' title="bbox 10 1133 1041 1221; baseline 0.007 -30"><span class='ocrx_word' id='word_1_76' title='bbox 10 1150 79 1191; x_wconf 81' lang='lat' dir='ltr'><strong>.o-</strong></span> <span class='ocrx_word' id='word_1_77' title='bbox 96 1135 170 1221; x_wconf 88' lang='lat' dir='ltr'><strong>quis</strong></span> <span class='ocrx_word' id='word_1_78' title='bbox 188 1133 379 1198; x_wconf 80' lang='lat' dir='ltr'><strong>credat?-</strong></span> <span class='ocrx_word' id='word_1_79' title='bbox 395 1144 428 1199; x_wconf 90' lang='lat' dir='ltr'><strong>et</strong></span> <span class='ocrx_word' id='word_1_80' title='bbox 443 1134 571 1211; x_wconf 86' lang='lat' dir='ltr'><strong>Alsium</strong></span> <span class='ocrx_word' id='word_1_81' title='bbox 587 1144 704 1200; x_wconf 79' lang='lat' dir='ltr'><strong>terrori</strong></span> <span class='ocrx_word' id='word_1_82' title='bbox 722 1136 862 1216; x_wconf 81' lang='lat' dir='ltr'><strong>fuenmt,</strong></span> <span class='ocrx_word' id='word_1_83' title='bbox 881 1133 1041 1199; x_wconf 86' lang='lat' dir='ltr'><strong>Satricum</strong></span> 
     </span>
     <span class='ocr_line' id='line_1_12' title="bbox 34 1215 1040 1304; baseline -0.003 -21"><span class='ocrx_word' id='word_1_84' title='bbox 34 1216 80 1283; x_wconf 88' lang='lat' dir='ltr'><strong>ad</strong></span> <span class='ocrx_word' id='word_1_85' title='bbox 101 1237 144 1280; x_wconf 90' lang='lat' dir='ltr'><strong>ue</strong></span> <span class='ocrx_word' id='word_1_86' title='bbox 165 1215 376 1283; x_wconf 81' lang='lat' dir='ltr'><strong>Corniculum</strong></span> <span class='ocrx_word' id='word_1_87' title='bbox 396 1220 593 1304; x_wconf 87' lang='lat' dir='ltr'><strong>provinciae.</strong></span> <span class='ocrx_word' id='word_1_88' title='bbox 626 1219 666 1283; x_wconf 89' lang='lat' dir='ltr'><strong>de</strong></span> <span class='ocrx_word' id='word_1_89' title='bbox 689 1218 820 1282; x_wconf 89' lang='lat' dir='ltr'><strong>Verulis</strong></span> <span class='ocrx_word' id='word_1_90' title='bbox 849 1228 881 1282; x_wconf 90' lang='lat' dir='ltr'><strong>et</strong></span> <span class='ocrx_word' id='word_1_91' title='bbox 901 1217 1040 1283; x_wconf 88' lang='lat' dir='ltr'><strong>Bovillis</strong></span> 
     </span>
     <span class='ocr_line' id='line_1_13' title="bbox 33 1238 1064 1387; baseline -0.003 -23"><span class='ocrx_word' id='word_1_92' title='bbox 33 1238 147 1387; x_wconf 75' lang='lat' dir='ltr'><strong>pudet,</strong></span> <span class='ocrx_word' id='word_1_93' title='bbox 158 1300 217 1365; x_wconf 81' lang='lat' dir='ltr'><strong>aed</strong></span> <span class='ocrx_word' id='word_1_94' title='bbox 226 1301 505 1386; x_wconf 89' lang='lat' dir='ltr'><strong>triumphavimus.</strong></span> <span class='ocrx_word' id='word_1_95' title='bbox 540 1300 652 1383; x_wconf 88' lang='lat' dir='ltr'><strong>Tibur,</strong></span> <span class='ocrx_word' id='word_1_96' title='bbox 666 1322 753 1365; x_wconf 90' lang='lat' dir='ltr'><strong>nunc</strong></span> <span class='ocrx_word' id='word_1_97' title='bbox 763 1302 992 1382; x_wconf 87' lang='lat' dir='ltr'><strong>suburbanum,</strong></span> <span class='ocrx_word' id='word_1_98' title='bbox 1006 1311 1064 1365; x_wconf 82' lang='lat' dir='ltr'><strong>et7</strong></span> 
     </span>
     <span class='ocr_line' id='line_1_14' title="bbox 33 1382 1038 1470; baseline -0.002 -21"><span class='ocrx_word' id='word_1_99' title='bbox 33 1384 182 1449; x_wconf 79' lang='lat' dir='ltr'><strong>aestivae</strong></span> <span class='ocrx_word' id='word_1_100' title='bbox 190 1382 370 1465; x_wconf 75' lang='lat' dir='ltr'><strong>Praeneste</strong></span> <span class='ocrx_word' id='word_1_101' title='bbox 382 1385 518 1449; x_wconf 85' lang='lat' dir='ltr'><strong>deliciae</strong></span> <span class='ocrx_word' id='word_1_102' title='bbox 528 1386 721 1470; x_wconf 88' lang='lat' dir='ltr'><strong>nuncupatis</strong></span> <span class='ocrx_word' id='word_1_103' title='bbox 733 1386 767 1448; x_wconf 92' lang='lat' dir='ltr'><strong>in</strong></span> <span class='ocrx_word' id='word_1_104' title='bbox 780 1384 941 1469; x_wconf 89' lang='lat' dir='ltr'><strong>Capitolio</strong></span> <span class='ocrx_word' id='word_1_105' title='bbox 953 1387 1038 1449; x_wconf 89' lang='lat' dir='ltr'><strong>votis</strong></span> 
     </span>
     <span class='ocr_line' id='line_1_15' title="bbox 33 1465 1066 1567; baseline 0 -36"><span class='ocrx_word' id='word_1_106' title='bbox 33 1465 238 1567; x_wconf 86' lang='lat' dir='ltr'><strong>petebantur.</strong></span> <span class='ocrx_word' id='word_1_107' title='bbox 270 1467 357 1532; x_wconf 90' lang='lat' dir='ltr'><strong>idem</strong></span> <span class='ocrx_word' id='word_1_108' title='bbox 373 1477 451 1532; x_wconf 91' lang='lat' dir='ltr'><strong>tunc</strong></span> <span class='ocrx_word' id='word_1_109' title='bbox 472 1468 631 1532; x_wconf 88' lang='lat' dir='ltr'><strong>Faesulae</strong></span> <span class='ocrx_word' id='word_1_110' title='bbox 653 1468 740 1555; x_wconf 91' lang='lat' dir='ltr'><strong>quod</strong></span> <span class='ocrx_word' id='word_1_111' title='bbox 763 1467 905 1533; x_wconf 82' lang='lat' dir='ltr'><strong>Carrhae</strong></span> <span class='ocrx_word' id='word_1_112' title='bbox 927 1491 971 1532; x_wconf 93' lang='lat' dir='ltr'><strong>nu</strong></span> <span class='ocrx_word' id='word_1_113' title='bbox 994 1481 1066 1549; x_wconf 83' lang='lat' dir='ltr'><strong>er,8</strong></span> 
     </span>
     <span class='ocr_line' id='line_1_16' title="bbox 13 1491 1041 1636; baseline 0 -21"><span class='ocrx_word' id='word_1_114' title='bbox 13 1550 126 1616; x_wconf 78' lang='lat' dir='ltr'><strong>erdem</strong></span> <span class='ocrx_word' id='word_1_115' title='bbox 134 1571 249 1615; x_wconf 86' lang='lat' dir='ltr'><strong>nemus</strong></span> <span class='ocrx_word' id='word_1_116' title='bbox 259 1551 429 1616; x_wconf 86' lang='lat' dir='ltr'><strong>Aricinum</strong></span> <span class='ocrx_word' id='word_1_117' title='bbox 461 1552 626 1617; x_wconf 90' lang='lat' dir='ltr'><strong>uodHerc</strong></span> <span class='ocrx_word' id='word_1_118' title='bbox 673 1554 723 1616; x_wconf 93' lang='lat' dir='ltr'><strong>ius</strong></span> <span class='ocrx_word' id='word_1_119' title='bbox 742 1552 852 1633; x_wconf 85' lang='lat' dir='ltr'><strong>saltus,</strong></span> <span class='ocrx_word' id='word_1_120' title='bbox 869 1491 1041 1636; x_wconf 77' lang='lat' dir='ltr'><strong>Fregellae</strong></span> 
     </span>
     <span class='ocr_line' id='line_1_17' title="bbox 34 1632 1065 1722; baseline 0.005 -23"><span class='ocrx_word' id='word_1_121' title='bbox 34 1633 124 1721; x_wconf 89' lang='lat' dir='ltr'><strong>quod</strong></span> <span class='ocrx_word' id='word_1_122' title='bbox 141 1632 385 1716; x_wconf 87' lang='lat' dir='ltr'><strong>Caesoriacum,</strong></span> <span class='ocrx_word' id='word_1_123' title='bbox 409 1635 450 1699; x_wconf 85' lang='lat' dir='ltr'><strong>Ti</strong></span> <span class='ocrx_word' id='word_1_124' title='bbox 474 1637 538 1701; x_wconf 91' lang='lat' dir='ltr'><strong>eris</strong></span> <span class='ocrx_word' id='word_1_125' title='bbox 554 1657 616 1722; x_wconf 91' lang='lat' dir='ltr'><strong>quo</strong></span> <span class='ocrx_word' id='word_1_126' title='bbox 660 1636 855 1721; x_wconf 85' lang='lat' dir='ltr'><strong>Euphrates.</strong></span> <span class='ocrx_word' id='word_1_127' title='bbox 891 1634 1065 1704; x_wconf 75' lang='lat' dir='ltr'><strong>Corioloso</strong></span> 
     </span>
     <span class='ocr_line' id='line_1_18' title="bbox 34 1719 1041 1804; baseline 0.001 -23"><span class='ocrx_word' id='word_1_128' title='bbox 34 1738 164 1804; x_wconf 91' lang='lat' dir='ltr'><strong>quoque</strong></span> <span class='ocrx_word' id='word_1_129' title='bbox 181 1740 297 1804; x_wconf 90' lang='lat' dir='ltr'><strong>—pro</strong></span> <span class='ocrx_word' id='word_1_130' title='bbox 313 1719 435 1804; x_wconf 80' lang='lat' dir='ltr'><strong>pudor!</strong></span> <span class='ocrx_word' id='word_1_131' title='bbox 450 1758 493 1770; x_wconf 79' lang='lat'>-</span> <span class='ocrx_word' id='word_1_132' title='bbox 510 1721 615 1784; x_wconf 87' lang='lat' dir='ltr'><strong>victos</strong></span> <span class='ocrx_word' id='word_1_133' title='bbox 634 1720 715 1784; x_wconf 89' lang='lat' dir='ltr'><strong>adeo</strong></span> <span class='ocrx_word' id='word_1_134' title='bbox 757 1720 857 1784; x_wconf 92' lang='lat' dir='ltr'><strong>loriae</strong></span> <span class='ocrx_word' id='word_1_135' title='bbox 875 1719 986 1799; x_wconf 86' lang='lat' dir='ltr'><strong>fuisse,</strong></span> <span class='ocrx_word' id='word_1_136' title='bbox 1005 1728 1041 1783; x_wconf 92' lang='lat' dir='ltr'><strong>ut</strong></span> 
     </span>
     <span class='ocr_line' id='line_1_19' title="bbox 35 1742 1040 1888; baseline 0 -22"><span class='ocrx_word' id='word_1_137' title='bbox 35 1808 166 1887; x_wconf 88' lang='lat' dir='ltr'><strong>captum</strong></span> <span class='ocrx_word' id='word_1_138' title='bbox 182 1802 335 1887; x_wconf 89' lang='lat' dir='ltr'><strong>oppidum</strong></span> <span class='ocrx_word' id='word_1_139' title='bbox 354 1802 465 1868; x_wconf 81' lang='lat' dir='ltr'><strong>Gneus</strong></span> <span class='ocrx_word' id='word_1_140' title='bbox 483 1803 626 1867; x_wconf 88' lang='lat' dir='ltr'><strong>Marcius</strong></span> <span class='ocrx_word' id='word_1_141' title='bbox 646 1742 838 1869; x_wconf 65' lang='lat' dir='ltr'><strong>Coriolanus</strong></span> <span class='ocrx_word' id='word_1_142' title='bbox 863 1804 955 1888; x_wconf 90' lang='lat' dir='ltr'><strong>quasi</strong></span> <span class='ocrx_word' id='word_1_143' title='bbox 973 1802 1040 1866; x_wconf 86' lang='lat' dir='ltr'><strong>Nu-</strong></span> 
     </span>
     <span class='ocr_line' id='line_1_20' title="bbox 34 1885 1082 1970; baseline -0.004 -21"><span class='ocrx_word' id='word_1_144' title='bbox 34 1885 192 1949; x_wconf 87' lang='lat' dir='ltr'><strong>mantiam</strong></span> <span class='ocrx_word' id='word_1_145' title='bbox 208 1893 264 1949; x_wconf 89' lang='lat' dir='ltr'><strong>aut</strong></span> <span class='ocrx_word' id='word_1_146' title='bbox 273 1885 420 1951; x_wconf 87' lang='lat' dir='ltr'><strong>Africam</strong></span> <span class='ocrx_word' id='word_1_147' title='bbox 436 1887 558 1951; x_wconf 88' lang='lat' dir='ltr'><strong>nomini</strong></span> <span class='ocrx_word' id='word_1_148' title='bbox 574 1887 732 1952; x_wconf 90' lang='lat' dir='ltr'><strong>indueret.</strong></span> <span class='ocrx_word' id='word_1_149' title='bbox 768 1896 881 1951; x_wconf 84' lang='lat' dir='ltr'><strong>extant</strong></span> <span class='ocrx_word' id='word_1_150' title='bbox 898 1896 930 1951; x_wconf 88' lang='lat' dir='ltr'><strong>et</strong></span> <span class='ocrx_word' id='word_1_151' title='bbox 946 1895 1040 1970; x_wconf 89' lang='lat' dir='ltr'><strong>parta</strong></span> <span class='ocrx_word' id='word_1_152' title='bbox 1052 1893 1082 1945; x_wconf 87' lang='lat'><strong>10</strong></span> 
     </span>
     <span class='ocr_line' id='line_1_21' title="bbox 10 1967 1125 2055; baseline -0.001 -22"><span class='ocrx_word' id='word_1_153' title='bbox 10 1967 79 2033; x_wconf 80' lang='lat' dir='ltr'><strong>ude</strong></span> <span class='ocrx_word' id='word_1_154' title='bbox 89 1968 190 2032; x_wconf 92' lang='lat' dir='ltr'><strong>Antio</strong></span> <span class='ocrx_word' id='word_1_155' title='bbox 202 1969 315 2055; x_wconf 88' lang='lat' dir='ltr'><strong>spolia,</strong></span> <span class='ocrx_word' id='word_1_156' title='bbox 327 1992 409 2055; x_wconf 91' lang='lat' dir='ltr'><strong>quae</strong></span> <span class='ocrx_word' id='word_1_157' title='bbox 415 1971 563 2034; x_wconf 90' lang='lat' dir='ltr'><strong>Maenius</strong></span> <span class='ocrx_word' id='word_1_158' title='bbox 574 1972 609 2034; x_wconf 89' lang='lat' dir='ltr'><strong>in</strong></span> <span class='ocrx_word' id='word_1_159' title='bbox 620 1981 776 2055; x_wconf 83' lang='lat' dir='ltr'><strong>suggestu</strong></span> <span class='ocrx_word' id='word_1_160' title='bbox 787 1971 850 2035; x_wconf 86' lang='lat' dir='ltr'><strong>fori</strong></span> <span class='ocrx_word' id='word_1_161' title='bbox 862 1979 955 2054; x_wconf 87' lang='lat' dir='ltr'><strong>capta</strong></span> <span class='ocrx_word' id='word_1_162' title='bbox 966 1969 1039 2033; x_wconf 93' lang='lat' dir='ltr'><strong>hos·</strong></span> <span class='ocrx_word' id='word_1_163' title='bbox 1122 1971 1125 1976; x_wconf 83' lang='lat'>&#39;</span> 
     </span>
     <span class='ocr_line' id='line_1_22' title="bbox 31 2050 1039 2134; baseline 0.002 -19"><span class='ocrx_word' id='word_1_164' title='bbox 31 2051 116 2115; x_wconf 89' lang='lat' dir='ltr'><strong>tium</strong></span> <span class='ocrx_word' id='word_1_165' title='bbox 125 2050 230 2116; x_wconf 88' lang='lat' dir='ltr'><strong>classe</strong></span> <span class='ocrx_word' id='word_1_166' title='bbox 242 2052 418 2117; x_wconf 84' lang='lat' dir='ltr'><strong>suffixit—</strong></span> <span class='ocrx_word' id='word_1_167' title='bbox 428 2056 457 2118; x_wconf 89' lang='lat' dir='ltr'><strong>si</strong></span> <span class='ocrx_word' id='word_1_168' title='bbox 467 2063 575 2118; x_wconf 89' lang='lat' dir='ltr'><strong>tamen</strong></span> <span class='ocrx_word' id='word_1_169' title='bbox 586 2052 643 2118; x_wconf 90' lang='lat' dir='ltr'><strong>illa</strong></span> <span class='ocrx_word' id='word_1_170' title='bbox 654 2054 777 2134; x_wconf 89' lang='lat' dir='ltr'><strong>classis,</strong></span> <span class='ocrx_word' id='word_1_171' title='bbox 789 2075 865 2117; x_wconf 92' lang='lat' dir='ltr'><strong>nam</strong></span> <span class='ocrx_word' id='word_1_172' title='bbox 876 2074 936 2116; x_wconf 82' lang='lat' dir='ltr'><strong>sex</strong></span> <span class='ocrx_word' id='word_1_173' title='bbox 946 2052 1039 2117; x_wconf 81' lang='lat' dir='ltr'><strong>fuere</strong></span> 
     </span>
     <span class='ocr_line' id='line_1_23' title="bbox 32 2134 1036 2201; baseline -0.001 -2"><span class='ocrx_word' id='word_1_174' title='bbox 32 2143 204 2200; x_wconf 87' lang='lat' dir='ltr'><strong>rostratae.</strong></span> <span class='ocrx_word' id='word_1_175' title='bbox 221 2135 343 2200; x_wconf 86' lang='lat' dir='ltr'><strong>sedhic</strong></span> <span class='ocrx_word' id='word_1_176' title='bbox 354 2159 505 2201; x_wconf 88' lang='lat' dir='ltr'><strong>numerus</strong></span> <span class='ocrx_word' id='word_1_177' title='bbox 516 2136 580 2201; x_wconf 90' lang='lat' dir='ltr'><strong>illis</strong></span> <span class='ocrx_word' id='word_1_178' title='bbox 591 2139 692 2201; x_wconf 89' lang='lat' dir='ltr'><strong>initiis</strong></span> <span class='ocrx_word' id='word_1_179' title='bbox 704 2137 821 2201; x_wconf 90' lang='lat' dir='ltr'><strong>navale</strong></span> <span class='ocrx_word' id='word_1_180' title='bbox 832 2134 954 2199; x_wconf 89' lang='lat' dir='ltr'><strong>bellum</strong></span> <span class='ocrx_word' id='word_1_181' title='bbox 964 2135 1036 2199; x_wconf 88' lang='lat' dir='ltr'><strong>fuit.</strong></span> 
     </span>
     <span class='ocr_line' id='line_1_24' title="bbox 32 2219 1083 2306; baseline 0.003 -23"><span class='ocrx_word' id='word_1_182' title='bbox 32 2220 290 2305; x_wconf 86' lang='lat' dir='ltr'><strong>pervicacissimi</strong></span> <span class='ocrx_word' id='word_1_183' title='bbox 299 2228 408 2285; x_wconf 88' lang='lat' dir='ltr'><strong>tamen</strong></span> <span class='ocrx_word' id='word_1_184' title='bbox 418 2220 608 2285; x_wconf 89' lang='lat' dir='ltr'><strong>Latinorum</strong></span> <span class='ocrx_word' id='word_1_185' title='bbox 618 2221 725 2306; x_wconf 86' lang='lat' dir='ltr'><strong>Aequi</strong></span> <span class='ocrx_word' id='word_1_186' title='bbox 737 2229 769 2284; x_wconf 88' lang='lat' dir='ltr'><strong>et</strong></span> <span class='ocrx_word' id='word_1_187' title='bbox 779 2219 893 2284; x_wconf 87' lang='lat' dir='ltr'><strong>Vulsci</strong></span> <span class='ocrx_word' id='word_1_188' title='bbox 904 2219 995 2283; x_wconf 82' lang='lat' dir='ltr'><strong>fuere</strong></span> <span class='ocrx_word' id='word_1_189' title='bbox 1008 2227 1040 2282; x_wconf 90' lang='lat' dir='ltr'><strong>et</strong></span> <span class='ocrx_word' id='word_1_190' title='bbox 1053 2236 1083 2286; x_wconf 87' lang='lat'><strong>11</strong></span> 
     </span>
     <span class='ocr_line' id='line_1_25' title="bbox 34 2300 1083 2389; baseline -0.002 -22"><span class='ocrx_word' id='word_1_191' title='bbox 34 2300 200 2384; x_wconf 79' lang='lat' dir='ltr'><strong>cotidiani,</strong></span> <span class='ocrx_word' id='word_1_192' title='bbox 211 2311 248 2366; x_wconf 91' lang='lat' dir='ltr'><strong>nt</strong></span> <span class='ocrx_word' id='word_1_193' title='bbox 258 2303 306 2366; x_wconf 90' lang='lat' dir='ltr'><strong>sic</strong></span> <span class='ocrx_word' id='word_1_194' title='bbox 317 2304 465 2385; x_wconf 85' lang='lat' dir='ltr'><strong>dixerim,</strong></span> <span class='ocrx_word' id='word_1_195' title='bbox 476 2304 595 2369; x_wconf 89' lang='lat' dir='ltr'><strong>hostes.</strong></span> <span class='ocrx_word' id='word_1_196' title='bbox 620 2303 677 2367; x_wconf 89' lang='lat' dir='ltr'><strong>sed</strong></span> <span class='ocrx_word' id='word_1_197' title='bbox 691 2303 749 2368; x_wconf 89' lang='lat' dir='ltr'><strong>hos</strong></span> <span class='ocrx_word' id='word_1_198' title='bbox 760 2304 869 2389; x_wconf 88' lang='lat' dir='ltr'><strong>praeci</strong></span> <span class='ocrx_word' id='word_1_199' title='bbox 891 2323 933 2366; x_wconf 91' lang='lat' dir='ltr'><strong>ue</strong></span> <span class='ocrx_word' id='word_1_200' title='bbox 944 2301 1038 2366; x_wconf 87' lang='lat' dir='ltr'><strong>Titus</strong></span> <span class='ocrx_word' id='word_1_201' title='bbox 1049 2315 1083 2366; x_wconf 82' lang='lat'><strong>12</strong></span> 
     </span>
     <span class='ocr_line' id='line_1_26' title="bbox 10 2324 1039 2472; baseline 0.001 -25"><span class='ocrx_word' id='word_1_202' title='bbox 10 2383 209 2467; x_wconf 76' lang='lat' dir='ltr'><strong>aQninctius</strong></span> <span class='ocrx_word' id='word_1_203' title='bbox 221 2386 353 2467; x_wconf 84' lang='lat' dir='ltr'><strong>domuit,</strong></span> <span class='ocrx_word' id='word_1_204' title='bbox 370 2387 425 2452; x_wconf 91' lang='lat' dir='ltr'><strong>ille</strong></span> <span class='ocrx_word' id='word_1_205' title='bbox 444 2389 581 2453; x_wconf 88' lang='lat' dir='ltr'><strong>dictator</strong></span> <span class='ocrx_word' id='word_1_206' title='bbox 599 2387 640 2451; x_wconf 88' lang='lat' dir='ltr'><strong>ab</strong></span> <span class='ocrx_word' id='word_1_207' title='bbox 653 2396 769 2468; x_wconf 87' lang='lat' dir='ltr'><strong>aratro,</strong></span> <span class='ocrx_word' id='word_1_208' title='bbox 789 2388 844 2472; x_wconf 93' lang='lat' dir='ltr'><strong>qui</strong></span> <span class='ocrx_word' id='word_1_209' title='bbox 861 2324 996 2449; x_wconf 60' lang='lat' dir='ltr'><strong>&lt;insessa</strong></span> <span class='ocrx_word' id='word_1_210' title='bbox 1008 2394 1039 2449; x_wconf 89' lang='lat' dir='ltr'><strong>et</strong></span> 
     </span>
     <span class='ocr_line' id='line_1_27' title="bbox 32 2469 1039 2555; baseline -0.003 -20"><span class='ocrx_word' id='word_1_211' title='bbox 32 2490 139 2555; x_wconf 89' lang='lat' dir='ltr'><strong>paene</strong></span> <span class='ocrx_word' id='word_1_212' title='bbox 154 2469 221 2533; x_wconf 87' lang='lat' dir='ltr'><strong>iam</strong></span> <span class='ocrx_word' id='word_1_213' title='bbox 233 2480 327 2555; x_wconf 89' lang='lat' dir='ltr'><strong>capta</strong></span> <span class='ocrx_word' id='word_1_214' title='bbox 337 2470 453 2536; x_wconf 91' lang='lat' dir='ltr'><strong>Manili</strong></span> <span class='ocrx_word' id='word_1_215' title='bbox 470 2471 611 2537; x_wconf 90' lang='lat' dir='ltr'><strong>consulis</strong></span> <span class='ocrx_word' id='word_1_216' title='bbox 626 2479 732 2534; x_wconf 87' lang='lat' dir='ltr'><strong>castra</strong></span> <span class='ocrx_word' id='word_1_217' title='bbox 749 2471 883 2554; x_wconf 83' lang='lat' dir='ltr'><strong>egregia</strong></span> <span class='ocrx_word' id='word_1_218' title='bbox 900 2470 1039 2533; x_wconf 88' lang='lat' dir='ltr'><strong>victoria</strong></span> 
     </span>
     <span class='ocr_line' id='line_1_28' title="bbox 32 2554 1084 2653; baseline 0.003 -36"><span class='ocrx_word' id='word_1_219' title='bbox 32 2554 250 2653; x_wconf 80' lang='lat' dir='ltr'><strong>recuperavit.</strong></span> <span class='ocrx_word' id='word_1_220' title='bbox 278 2554 420 2618; x_wconf 86' lang='lat' dir='ltr'><strong>medium</strong></span> <span class='ocrx_word' id='word_1_221' title='bbox 436 2564 506 2620; x_wconf 89' lang='lat' dir='ltr'><strong>erat</strong></span> <span class='ocrx_word' id='word_1_222' title='bbox 521 2564 647 2640; x_wconf 89' lang='lat' dir='ltr'><strong>tempus</strong></span> <span class='ocrx_word' id='word_1_223' title='bbox 665 2554 750 2619; x_wconf 88' lang='lat' dir='ltr'><strong>forte</strong></span> <span class='ocrx_word' id='word_1_224' title='bbox 773 2554 940 2633; x_wconf 87' lang='lat' dir='ltr'><strong>sementis,</strong></span> <span class='ocrx_word' id='word_1_225' title='bbox 964 2569 1084 2620; x_wconf 81' lang='lat' dir='ltr'><strong>cum13</strong></span> 
     </span>
     <span class='ocr_line' id='line_1_29' title="bbox 74 2636 1037 2722; baseline -0.002 -21"><span class='ocrx_word' id='word_1_226' title='bbox 74 2636 207 2701; x_wconf 76' lang='lat' dir='ltr'><strong>tracium</strong></span> <span class='ocrx_word' id='word_1_227' title='bbox 216 2639 324 2701; x_wconf 89' lang='lat' dir='ltr'><strong>virum</strong></span> <span class='ocrx_word' id='word_1_228' title='bbox 340 2639 489 2702; x_wconf 84' lang='lat' dir='ltr'><strong>innixum</strong></span> <span class='ocrx_word' id='word_1_229' title='bbox 505 2647 612 2703; x_wconf 87' lang='lat' dir='ltr'><strong>aratro</strong></span> <span class='ocrx_word' id='word_1_230' title='bbox 630 2659 688 2702; x_wconf 87' lang='lat' dir='ltr'><strong>suo</strong></span> <span class='ocrx_word' id='word_1_231' title='bbox 700 2638 795 2702; x_wconf 90' lang='lat' dir='ltr'><strong>lictor</strong></span> <span class='ocrx_word' id='word_1_232' title='bbox 812 2639 847 2700; x_wconf 92' lang='lat' dir='ltr'><strong>in</strong></span> <span class='ocrx_word' id='word_1_233' title='bbox 857 2638 928 2722; x_wconf 89' lang='lat' dir='ltr'><strong>ipso</strong></span> <span class='ocrx_word' id='word_1_234' title='bbox 941 2658 1037 2721; x_wconf 89' lang='lat' dir='ltr'><strong>opere</strong></span> 
     </span>
     <span class='ocr_line' id='line_1_30' title="bbox 56 2718 1038 2807; baseline -0.003 -22"><span class='ocrx_word' id='word_1_235' title='bbox 56 2718 258 2805; x_wconf 90' lang='lat' dir='ltr'><strong>eprehendit.</strong></span> <span class='ocrx_word' id='word_1_236' title='bbox 288 2721 365 2786; x_wconf 90' lang='lat' dir='ltr'><strong>inde</strong></span> <span class='ocrx_word' id='word_1_237' title='bbox 384 2723 418 2785; x_wconf 91' lang='lat' dir='ltr'><strong>in</strong></span> <span class='ocrx_word' id='word_1_238' title='bbox 429 2724 532 2786; x_wconf 85' lang='lat' dir='ltr'><strong>aciem</strong></span> <span class='ocrx_word' id='word_1_239' title='bbox 548 2722 723 2807; x_wconf 85' lang='lat' dir='ltr'><strong>profectus,</strong></span> <span class='ocrx_word' id='word_1_240' title='bbox 742 2723 856 2800; x_wconf 82' lang='lat' dir='ltr'><strong>victos,</strong></span> <span class='ocrx_word' id='word_1_241' title='bbox 875 2742 916 2783; x_wconf 92' lang='lat' dir='ltr'><strong>ne</strong></span> <span class='ocrx_word' id='word_1_242' title='bbox 929 2719 1038 2805; x_wconf 88' lang='lat' dir='ltr'><strong>quida</strong></span> 
     </span>
     <span class='ocr_line' id='line_1_31' title="bbox 10 2802 1037 2902; baseline -0.003 -35"><span class='ocrx_word' id='word_1_243' title='bbox 10 2804 150 2867; x_wconf 81' lang='lat' dir='ltr'><strong>ornstioi</strong></span> <span class='ocrx_word' id='word_1_244' title='bbox 172 2806 277 2902; x_wconf 89' lang='lat' dir='ltr'><strong>operis</strong></span> <span class='ocrx_word' id='word_1_245' title='bbox 301 2805 479 2870; x_wconf 90' lang='lat' dir='ltr'><strong>imitatione</strong></span> <span class='ocrx_word' id='word_1_246' title='bbox 503 2815 660 2887; x_wconf 84' lang='lat' dir='ltr'><strong>cessaret,</strong></span> <span class='ocrx_word' id='word_1_247' title='bbox 686 2826 774 2868; x_wconf 92' lang='lat' dir='ltr'><strong>more</strong></span> <span class='ocrx_word' id='word_1_248' title='bbox 820 2803 957 2868; x_wconf 89' lang='lat' dir='ltr'><strong>ecudum</strong></span> <span class='ocrx_word' id='word_1_249' title='bbox 978 2802 1037 2865; x_wconf 90' lang='lat' dir='ltr'><strong>sub</strong></span> 
     </span>
     <span class='ocr_line' id='line_1_32' title="bbox 31 2886 1082 2971; baseline -0.003 -20"><span class='ocrx_word' id='word_1_250' title='bbox 31 2887 148 2971; x_wconf 82' lang='lat' dir='ltr'><strong>iugum</strong></span> <span class='ocrx_word' id='word_1_251' title='bbox 157 2888 255 2951; x_wconf 84' lang='lat' dir='ltr'><strong>mrsit.</strong></span> <span class='ocrx_word' id='word_1_252' title='bbox 274 2890 321 2953; x_wconf 87' lang='lat' dir='ltr'><strong>sic</strong></span> <span class='ocrx_word' id='word_1_253' title='bbox 334 2909 376 2952; x_wconf 83' lang='lat' dir='ltr'><strong>ex</strong></span> <span class='ocrx_word' id='word_1_254' title='bbox 399 2890 540 2954; x_wconf 88' lang='lat' dir='ltr'><strong>editione</strong></span> <span class='ocrx_word' id='word_1_255' title='bbox 551 2889 643 2953; x_wconf 90' lang='lat' dir='ltr'><strong>finita</strong></span> <span class='ocrx_word' id='word_1_256' title='bbox 654 2888 782 2955; x_wconf 86' lang='lat' dir='ltr'><strong>rediita</strong></span> <span class='ocrx_word' id='word_1_257' title='bbox 813 2886 915 2951; x_wconf 87' lang='lat' dir='ltr'><strong>boves</strong></span> <span class='ocrx_word' id='word_1_258' title='bbox 927 2908 1038 2950; x_wconf 91' lang='lat' dir='ltr'><strong>rursus</strong></span> <span class='ocrx_word' id='word_1_259' title='bbox 1051 2897 1082 2947; x_wconf 71' lang='lat'><strong>111</strong></span> 
     </span>
     <span class='ocr_line' id='line_1_33' title="bbox 30 2912 1032 3069; baseline 0 -36"><span class='ocrx_word' id='word_1_260' title='bbox 30 2968 237 3069; x_wconf 87' lang='lat' dir='ltr'><strong>triumphalis</strong></span> <span class='ocrx_word' id='word_1_261' title='bbox 255 2912 400 3056; x_wconf 72' lang='lat' dir='ltr'><strong>agricolai</strong></span> <span class='ocrx_word' id='word_1_262' title='bbox 416 3011 459 3023; x_wconf 79' lang='lat'>-</span> <span class='ocrx_word' id='word_1_263' title='bbox 477 2973 574 3037; x_wconf 89' lang='lat' dir='ltr'><strong>fidem</strong></span> <span class='ocrx_word' id='word_1_264' title='bbox 592 2973 759 3035; x_wconf 92' lang='lat' dir='ltr'><strong>numinum</strong></span> <span class='ocrx_word' id='word_1_265' title='bbox 775 3009 819 3020; x_wconf 90' lang='lat'>—</span> <span class='ocrx_word' id='word_1_266' title='bbox 842 2992 906 3056; x_wconf 92' lang='lat' dir='ltr'><strong>qua</strong></span> <span class='ocrx_word' id='word_1_267' title='bbox 921 2969 1032 3034; x_wconf 82' lang='lat' dir='ltr'><strong>veloci</strong></span> 
     </span>
     <span class='ocr_line' id='line_1_34' title="bbox 30 3052 1082 3203; baseline -0.003 -84"><span class='ocrx_word' id='word_1_268' title='bbox 30 3053 115 3119; x_wconf 75' lang='lat' dir='ltr'><strong>tate!</strong></span> <span class='ocrx_word' id='word_1_269' title='bbox 127 3061 216 3118; x_wconf 88' lang='lat' dir='ltr'><strong>mtra</strong></span> <span class='ocrx_word' id='word_1_270' title='bbox 224 3055 412 3203; x_wconf 77' lang='lat' dir='ltr'><strong>quindecim</strong></span> <span class='ocrx_word' id='word_1_271' title='bbox 424 3056 494 3120; x_wconf 89' lang='lat' dir='ltr'><strong>dies</strong></span> <span class='ocrx_word' id='word_1_272' title='bbox 507 3064 655 3140; x_wconf 89' lang='lat' dir='ltr'><strong>coeptum</strong></span> <span class='ocrx_word' id='word_1_273' title='bbox 665 3063 895 3140; x_wconf 88' lang='lat' dir='ltr'><strong>peractumque</strong></span> <span class='ocrx_word' id='word_1_274' title='bbox 905 3052 1034 3134; x_wconf 90' lang='lat' dir='ltr'><strong>bellum,</strong></span> <span class='ocrx_word' id='word_1_275' title='bbox 1056 3091 1058 3096; x_wconf 91' lang='lat'><em>-</em></span> <span class='ocrx_word' id='word_1_276' title='bbox 1078 3083 1082 3088; x_wconf 92' lang='lat'><em>·</em></span> 
     </span>
     <span class='ocr_line' id='line_1_35' title="bbox 29 3137 1030 3223; baseline -0.005 -20"><span class='ocrx_word' id='word_1_277' title='bbox 29 3158 167 3223; x_wconf 85' lang='lat' dir='ltr'><strong>prorsus</strong></span> <span class='ocrx_word' id='word_1_278' title='bbox 177 3147 215 3203; x_wconf 89' lang='lat' dir='ltr'><strong>ut</strong></span> <span class='ocrx_word' id='word_1_279' title='bbox 240 3140 397 3204; x_wconf 88' lang='lat' dir='ltr'><strong>estinasse</strong></span> <span class='ocrx_word' id='word_1_280' title='bbox 410 3140 548 3204; x_wconf 89' lang='lat' dir='ltr'><strong>dictator</strong></span> <span class='ocrx_word' id='word_1_281' title='bbox 559 3139 602 3204; x_wconf 89' lang='lat' dir='ltr'><strong>ad</strong></span> <span class='ocrx_word' id='word_1_282' title='bbox 612 3138 760 3202; x_wconf 90' lang='lat' dir='ltr'><strong>relictum</strong></span> <span class='ocrx_word' id='word_1_283' title='bbox 772 3159 852 3223; x_wconf 89' lang='lat' dir='ltr'><strong>opus</strong></span> <span class='ocrx_word' id='word_1_284' title='bbox 863 3137 1030 3201; x_wconf 76' lang='lat' dir='ltr'><strong>videretur</strong></span> 
     </span>
    </p>
   </div>
   <div class='ocr_carea' id='block_1_3' title="bbox 10 3264 1024 3419">
    <p class='ocr_par' dir='ltr' id='par_1_3' title="bbox 10 3264 1024 3419">
     <span class='ocr_line' id='line_1_36' title="bbox 10 3264 1024 3336; baseline -0.006 -2"><span class='ocrx_word' id='word_1_285' title='bbox 10 3266 97 3333; x_wconf 78' lang='lat' dir='ltr'><strong>¹⁵VI.</strong></span> <span class='ocrx_word' id='word_1_286' title='bbox 113 3268 300 3335; x_wconf 81' lang='lat' dir='ltr'><strong>BELLVM</strong></span> <span class='ocrx_word' id='word_1_287' title='bbox 319 3269 415 3336; x_wconf 89' lang='lat' dir='ltr'><strong>CVM</strong></span> <span class='ocrx_word' id='word_1_288' title='bbox 432 3269 649 3335; x_wconf 83' lang='lat' dir='ltr'><strong>ETRVSCIS</strong></span> <span class='ocrx_word' id='word_1_289' title='bbox 668 3266 870 3334; x_wconf 82' lang='lat' dir='ltr'><strong>FALISCIS</strong></span> <span class='ocrx_word' id='word_1_290' title='bbox 886 3264 1024 3330; x_wconf 70' lang='lat' dir='ltr'><strong>Virmn</strong></span> 
     </span>
     <span class='ocr_line' id='line_1_37' title="bbox 308 3352 774 3419; baseline 0 -2"><span class='ocrx_word' id='word_1_291' title='bbox 308 3352 440 3419; x_wconf 85' lang='lat' dir='ltr'><strong>TIBVS</strong></span> <span class='ocrx_word' id='word_1_292' title='bbox 459 3352 774 3419; x_wconf 83' lang='lat' dir='ltr'><strong>FIDENATIBVS.</strong></span> 
     </span>
    </p>
   </div>
   <div class='ocr_carea' id='block_1_4' title="bbox 119 3469 1029 3541">
    <p class='ocr_par' dir='ltr' id='par_1_4' title="bbox 119 3469 1029 3541">
     <span class='ocr_line' id='line_1_38' title="bbox 119 3469 1029 3541; baseline -0.023 -3"><span class='ocrx_word' id='word_1_293' title='bbox 119 3474 262 3541; x_wconf 70' lang='lat' dir='ltr'><strong>Adsidui</strong></span> <span class='ocrx_word' id='word_1_294' title='bbox 272 3496 351 3540; x_wconf 83' lang='lat' dir='ltr'><strong>vero</strong></span> <span class='ocrx_word' id='word_1_295' title='bbox 362 3483 394 3536; x_wconf 80' lang='lat' dir='ltr'><strong>et</strong></span> <span class='ocrx_word' id='word_1_296' title='bbox 405 3475 618 3538; x_wconf 66' lang='lat' dir='ltr'><strong>anniversarii</strong></span> <span class='ocrx_word' id='word_1_297' title='bbox 631 3473 740 3528; x_wconf 67' lang='lat' dir='ltr'><strong>hostes</strong></span> <span class='ocrx_word' id='word_1_298' title='bbox 752 3471 793 3524; x_wconf 80' lang='lat' dir='ltr'><strong>ab</strong></span> <span class='ocrx_word' id='word_1_299' title='bbox 805 3470 936 3532; x_wconf 64' lang='lat' dir='ltr'><strong>thsrin.</strong></span> <span class='ocrx_word' id='word_1_300' title='bbox 949 3469 1029 3524; x_wconf 65' lang='grc' dir='ltr'>ΐιιρι.</span> 
     </span>
    </p>
   </div>
   <div class='ocr_carea' id='block_1_5' title="bbox 0 0 1139 3832">
    <p class='ocr_par' dir='ltr' id='par_1_5' title="bbox 0 0 1139 3832">
     <span class='ocr_line' id='line_1_39' title="bbox 0 0 1139 3832; baseline 0 0"><span class='ocrx_word' id='word_1_301' title='bbox 0 0 1139 3832; x_wconf 95' lang='lat' dir='ltr'><strong> </strong></span> 
     </span>
    </p>
   </div>
  </div>
 </body>
</html>
