2266 3832
266 798 457 866 tuduinum
482 798 640 865 inducitis
665 797 816 866 Puiouts.

78 987 200 1096 Quum,
224 1017 299 1097 quod
317 1017 449 1077 accidere
461 1018 536 1080 solet
552 1019 732 1095 mortalibus,
757 1027 787 1078 ut
801 1017 835 1077 ad
848 1019 931 1078 iinem
946 1018 995 1078 ali·

79 1140 163 1200 quem
179 1139 229 1181 sua
247 1121 293 1178 via
310 1117 528 1195 progredientes
544 1138 632 1199 saepe
645 1120 793 1198 repentina
808 1136 883 1179 voce
901 1119 936 1179 ad
955 1118 995 1178 di·

78 1241 191 1282 versum
208 1219 376 1280 curriculum
397 1228 565 1295 avocentur,
590 1236 706 1298 prorsus
728 1222 871 1297 insperata
893 1218 995 1278 Eutro-

80 1324 156 1399 pium
177 1321 306 1398 aliosque
326 1317 462 1396 deinceps
485 1322 640 1398 scriptores
656 1319 800 1379 Romanos
815 1318 916 1378 edendi
930 1335 995 1397 pro·

74 1424 171 1481 'vincia
191 1440 206 1481 a
223 1419 390 1494 Teubnero,
416 1421 477 1479 viro
493 1422 578 1480 unice
593 1420 747 1495 industrio,
771 1420 865 1480 subito
884 1419 995 1480 deman·

79 1506 142 1582 data
156 1523 222 1581 mihi
239 1521 340 1596 fuerit,
363 1519 432 1580 nihil
450 1520 524 1580 aliud
542 1523 571 1580 in
586 1521 763 1599 praefatione
780 1520 919 1599 agendum
937 1523 995 1580 exi·

80 1625 178 1698 stimo,
206 1641 288 1700 qnam
304 1630 349 1697 ut,
373 1621 531 1698 significato
545 1623 635 1680 omnis
654 1623 771 1682 instituti
784 1622 920 1698 consilio,
946 1622 995 1681 aii·
1042 1663 1044 1676 ,

80 1741 162 1802 quam
182 1723 395 1783 excusationem
421 1722 488 1780 mihi
511 1723 668 1799 impetrem.
702 1719 734 1780 ln
752 1721 902 1800 regendis,
924 1738 996 1800 quae

80 1825 176 1901 pueris
193 1824 398 1900 iuvenibusque
413 1830 510 1880 nostra
525 1830 617 1881 aetate
629 1831 659 1882 ut
673 1823 785 1881 unicum
804 1830 900 1881 contra
917 1830 995 1881 tene·

80 1924 207 1982 brionum
231 1933 305 1983 artes
328 1922 498 2000 praesidium
516 1931 663 1999 praestare
680 1921 765 1998 licet,
787 1921 930 1982 literarum
948 1940 995 1982 an·
1026 1974 1031 1984 .

81 2024 219 2098 tiquarum
241 2021 341 2081 studiis
365 2022 484 2097 primum
502 2005 697 2098 magistrorum
715 2022 839 2081 officium
854 2023 911 2082 hoc
929 2041 995 2082 esse

81 2120 207 2197 videtur,
225 2130 256 2181 ut
273 2120 413 2195 ordinem,
433 2136 490 2198 quo
506 2121 640 2180 incedere
661 2139 713 2199 per
730 2121 778 2181 illa
797 2139 865 2182 suos
887 2123 993 2198 iubent,
1012 2180 1020 2187 .

80 2229 160 2280 reote
186 2230 213 2280 et
236 2221 413 2303 considerate
427 2226 606 2298 constituant,
619 2231 687 2297 turn,
700 2230 731 2280 ut
741 2221 876 2299 subsidia,
894 2224 995 2301 quibus

80 2320 192 2380 levetur
208 2320 304 2398 labor,
330 2342 363 2383 ea
386 2323 532 2401 prudentia
551 2322 748 2399 admetiantur,
770 2342 843 2402 quae
864 2325 995 2385 adiuvan-

81 2421 152 2498 dam,
171 2440 227 2483 non
240 2423 414 2483 eximendam
425 2423 481 2483 illis
494 2442 608 2502 operam
625 2441 691 2483 esse
704 2441 819 2501 semper
829 2426 996 2487 meminerit.

79 2521 274 2601 incipiendum
285 2525 370 2602 igitur
385 2525 609 2603 ascriptoribus,
629 2526 687 2603 qui,
714 2527 841 2603 quamvis
853 2527 994 2585 inferioris

81 2641 202 2700 census,
229 2625 356 2683 oratione
377 2633 470 2684 tamen
493 2635 521 2684 et
541 2633 706 2702 argumento
725 2624 863 2684 tironibus
885 2624 994 2684 facilio-

80 2742 140 2784 rem
166 2724 398 2784 consuetudinem
422 2725 590 2802 praebeant;
618 2733 676 2783 turn
699 2724 839 2785 editiones
859 2726 980 2786 exhiber

81 2822 150 2898 dae,
174 2843 261 2904 ⁴quae
283 2833 414 2884 accurate
441 2823 605 2902 exploratae
626 2842 721 2902 neque
742 2826 818 2886 vitiis
840 2826 982 2887 detineant

79 2943 174 3003 neque
192 2927 429 3003 interpretationis
448 2925 524 2985 mole
548 2926 665 2985 obruant
685 2926 814 2985 iuvenum
831 2928 937 3005 ingenis
970 2945 981 2960 ¹

82 3034 194 3102 ¹pppptpp
204 3026 400 3085 pecuinitatem
417 3025 534 3080 ‘adierant
556 3025 736 3072 Nannieno-ua
745 3035 788 3072 ert
799 3029 825 3076 in
834 3044 869 3087 00
876 3045 981 3103 nep-¹¹¹¹

80 3125 218 3203 longisdp
251 3143 363 3172 anr=·.,.u..
415 3151 419 3164 ··
456 3148 485 3168 -uz
538 3147 688 3179 «1s·-·-=-·-¹-·-
712 3152 718 3172 s
740 3159 755 3172 -ι
831 3129 915 3176 ussat
953 3159 968 3172 .-

82 3226 253 3303 pepitiovidu„
297 3247 321 3268 r.
377 3251 479 3282 ..m-o..
592 3263 597 3272 .
637 3259 643 3268 .
709 3259 735 3276 .,,
778 3263 813 3276 ,.
851 3255 873 3272 ,..
899 3243 973 3276 aaron*

89 3324 129 3380 {mr
175 3344 189 3372 .ι
235 3344 258 3368 st
312 3359 355 3372 ...λ
425 3356 455 3372 .,,
537 3359 549 3368 .
