2310 3840
167 204 208 266 38
525 206 743 263 EUTROPll

99 365 154 408 Ml·
228 372 313 432 Car.
326 370 375 430 Vl.
388 372 454 453 (V.)
474 370 557 430 Anno
568 370 646 428 urbis
659 369 788 430 conditae
801 388 935 429 cccxxvi.
961 367 992 426 L.
1007 367 1081 428 Lici·

106 431 152 477 ⁶⁷⁸·
168 457 215 516 nio
226 454 344 514 Lucullo
362 464 390 514 et
401 455 439 514 Μ.
451 453 570 514 Aurelio
588 452 671 514 Cotta
693 471 769 513 coss.
791 462 917 513 mortuus
935 461 979 511 est
992 452 1081 512 Nico·
1102 455 1107 462 '

167 539 283 612 medes,
306 557 358 599 rex
368 538 530 616 bithyniae,
553 547 581 597 et
596 555 650 615 per
660 546 855 597 testamentum
873 535 1010 614 populum
1021 535 1081 595 lio·

166 641 276 682 manum
296 622 519 683 fecitheredem.
552 620 727 682 Mithridates
739 639 811 700 paco
828 628 911 698 rupta
922 619 1081 696 Bithyniam

168 715 196 765 et
205 705 300 766 Asiam
312 703 409 767 rursus
421 707 510 766 voluit
521 704 664 765 invadere.
686 705 832 765 Adversus
844 722 908 763 eum
918 703 1000 763 ambo
1012 721 1081 763 oon·

168 789 247 849 sules
259 791 337 850 missi
351 793 456 851 variam
467 790 592 850 habuere
605 791 753 849 fortunam.
776 787 858 849 Cotta
870 787 944 866 apud
959 785 1080 848 Chalce-

167 873 270 933 donem
281 876 373 934 victus
389 875 423 935 ab
439 892 475 934 eo
490 875 563 949 acie,
581 875 664 934 etiam
676 877 752 938 intra,
759 872 895 951 oppidum
908 879 1025 931 coactus
1035 881 1080 931 est

168 966 197 1017 et
216 958 363 1018 obsessus.
387 958 445 1018 Sed
457 976 520 1018 oum
531 976 564 1017 sc
574 957 639 1017 inde
651 956 827 1018 Mithridates
839 954 972 1036 Cyzicum
989 964 1080 1016 trans·

166 1040 289 1118 tulisset,
311 1049 341 1101 ut
353 1038 460 1118 Cyzico
477 1049 559 1119 capta
570 1051 655 1101 totam
666 1040 763 1101 Asiam
774 1040 929 1117 invaderet,
943 1037 1079 1098 Lucullus

167 1127 193 1183 ei
204 1123 275 1183 alter
289 1124 389 1184 consul
401 1127 533 1185 occurrit.
572 1124 615 1184 Ao
627 1124 691 1183 dum
702 1124 878 1184 Mithridates
889 1125 917 1182 in
928 1123 1080 1182 obsidione

63 1247 67 1252 -
167 1205 264 1283 Cyzici
285 1217 485 1286 commoratur,
508 1211 572 1286 ipse
588 1227 651 1267 eum
666 1227 683 1268 a
698 1218 780 1286 tergo
792 1207 922 1282 obsedit,
944 1208 1079 1285 fameque

166 1294 351 1370 consumpsit,
368 1301 396 1352 et
407 1292 501 1352 multis
517 1292 636 1371 proeliis
647 1294 726 1370 vicit,
743 1300 887 1370 postremo
901 1289 1077 1367 Byzantium,

165 1393 239 1453 quae
257 1395 330 1436 nuno
343 1374 605 1454 Constantinopolis
623 1384 677 1453 est,
699 1376 816 1452 iugarit.
845 1374 945 1435 Navali
963 1390 1078 1452 quoque

165 1458 276 1536 proelio
295 1459 382 1519 duces
400 1463 462 1520 eius
478 1458 612 1544 Lucullus
629 1461 785 1538 oppressit.
812 1457 854 1519 lta
873 1477 927 1518 una
944 1459 1036 1518 hieme
1050 1466 1079 1517 et

164 1550 273 1602 aestate
289 1562 306 1602 a
321 1543 439 1603 Lucullo
456 1552 566 1603 centum
581 1543 644 1603 iere
663 1542 739 1603 milia
750 1544 829 1620 regis
845 1545 983 1602 exstincta
1002 1549 1076 1600 sunt.

96 1657 150 1701 gu,
227 1626 310 1685 Car.
322 1625 384 1684 Vll.
399 1625 479 1706 (vl.)
501 1626 583 1685 Anno
596 1627 672 1685 urbis
689 1627 796 1687 Romae
809 1645 968 1687 occsurum.
981 1624 1077 1684 Mace·

104 1724 149 1767 aso.
164 1708 275 1769 doniam
292 1711 464 1787 provinciam
476 1709 514 1768 M.
532 1708 655 1769 Licinius
672 1709 805 1770 Lucullus
823 1711 951 1787 accepit,
974 1724 1077 1768 conso-

163 1793 259 1852 brinus
280 1792 403 1870 Luculli,
431 1795 477 1870 qui
500 1801 596 1853 contra
616 1792 794 1854 Mithridaten
820 1793 926 1853 bellum
947 1791 1077 1870 gerebat.

95 1898 150 1939 nu.
162 1875 199 1935 Et
213 1878 240 1935 in
254 1875 333 1936 ltalia
344 1893 446 1936 novum
458 1877 563 1935 bellum
574 1877 667 1937 subito
686 1887 856 1938 commotum
872 1886 924 1936 est.
956 1872 1076 1952 Septua-

104 1965 149 2008 679·
163 1963 241 2036 ginta
260 1962 334 2019 enim
350 1969 470 2038 quatuor
487 1959 660 2038 gladiatores
678 1961 797 2020 ducibus
816 1961 970 2040 Spartaco,
989 1956 1076 2020 Crixo

164 2053 192 2104 et
204 2042 359 2120 Oenomao,
373 2044 490 2104 effracto
503 2042 619 2122 Capuae
630 2044 708 2121 ludo,
727 2045 895 2123 effugerunt,
914 2053 942 2104 et
956 2061 1008 2122 per
1021 2040 1064 2102 Ita

162 2127 228 2187 liam
239 2137 375 2206 vagantes
388 2146 478 2206 paene
489 2144 546 2188 non
557 2128 648 2188 levius
660 2128 764 2188 bollum
780 2131 807 2188 in
822 2147 866 2204 ea,
880 2146 963 2207 quam
974 2126 1076 2186 Hanni·

94 2239 149 2282 gu,
163 2210 208 2272 bal
220 2223 356 2290 moverat,
379 2221 555 2290 paraverunt.
587 2211 658 2273 Nam
676 2212 771 2273 multis
788 2213 907 2272 ducibus
925 2222 954 2271 et
966 2209 1077 2270 duobus

100 2306 146 2348 6⁸0.
165 2295 246 2355 simul
258 2295 446 2356 Romanorum
458 2296 621 2356 consulibus
633 2298 722 2357 victis
733 2298 880 2375 sexaginta
894 2295 955 2355 lere
971 2293 1075 2354 milium

163 2389 329 2438 armatorum
351 2381 505 2439 exercitum
527 2389 787 2458 congregaverunt,
811 2381 936 2457 victique
957 2386 1021 2438 sunt
1049 2379 1077 2436 in

94 2475 150 2518 nu.
162 2461 265 2539 Apulia
279 2460 344 2521 aM.
355 2460 463 2522 Licinio
477 2462 580 2522 Crasso
592 2463 776 2542 proconsule,
793 2472 822 2524 et
836 2472 903 2541 post
914 2461 1014 2522 multas
1030 2478 1076 2522 oa·

105 2541 151 2584 ⁰⁸¹·
162 2545 300 2604 lamitates
313 2544 410 2605 ltaliae
422 2548 505 2605 tertio
521 2565 593 2607 anno
606 2547 682 2607 bello
698 2549 764 2607 huic
776 2549 838 2607 linis
856 2549 1005 2625 impositus
1021 2553 1075 2604 est.

99 2648 154 2689 mu.
233 2627 320 2688 Car.
336 2626 412 2689 vtu.
432 2628 526 2710 (Vll.)
553 2633 769 2691 sexcentesimo
789 2632 967 2708 octogesimo
985 2630 1076 2707 primo

103 2712 241 2772 ⁶⁸1·urbis
256 2712 387 2773 conditae
406 2731 496 2789 anno,
519 2712 550 2774 P.
564 2713 698 2775 Cornelio
716 2714 834 2774 Lentulo
853 2723 881 2773 et
900 2712 951 2773 Cn.
963 2711 1076 2772 Aufidio

163 2795 266 2856 Oreste
283 2813 360 2857 coss.
380 2796 434 2856 duo
451 2805 556 2857 tantum
572 2801 669 2876 gravia
685 2798 759 2859 bella
776 2801 803 2858 in
817 2799 936 2876 imperio
948 2797 1076 2857 Romano

163 2890 252 2958 erant,
265 2879 482 2941 Mithridaticum
498 2890 527 2940 et
541 2880 767 2943 Macedonicum.
804 2882 883 2941 llaec
896 2882 951 2941 duo
967 2877 1075 2940 Luculli

162 2964 294 3041 agebant,
306 2963 338 3024 L.
349 2962 482 3024 Lucullus
494 2974 522 3024 et
532 2965 571 3024 M.
582 2964 725 3025 Lucullus.
737 2965 768 3024 L.
782 2983 852 3043 ergo
863 2964 996 3025 Lucullus
1010 2970 1077 3041 post

162 3064 283 3125 pugnam
297 3046 478 3124 cyzicenam,
493 3067 547 3127 qua
559 3051 666 3109 vicerat
681 3048 871 3126 Mithridaten,
896 3059 925 3109 ct
935 3047 1074 3124 navalem,

163 3149 218 3209 qua
230 3131 318 3190 duces
331 3134 392 3191 eius
404 3142 606 3209 oppresserat,
621 3141 789 3211 persecutus
802 3142 846 3193 est
861 3151 935 3209 eum,
953 3141 983 3192 et
994 3148 1075 3190 rece·

163 3223 210 3292 pta
221 3213 412 3293 Paphlagonia
425 3225 510 3294 atque
522 3216 650 3292 Bithynia
662 3218 746 3276 etiam
757 3235 875 3293 regnum
887 3219 950 3276 cius
960 3215 1074 3290 invasit,

162 3298 289 3377 Sinopen
310 3309 339 3358 et
353 3298 486 3375 Amison,
514 3301 643 3360 civitates
660 3299 740 3360 l'onti
760 3300 967 3377 nobilissimas,
989 3299 1075 3376 cepit.

162 3382 295 3443 Secundo
308 3381 420 3462 proelio
435 3382 510 3460 apud
522 3381 622 3443 Cabira
635 3386 787 3460 civitatem,
810 3387 866 3461 quo
879 3386 1010 3460 ingentes
1025 3397 1075 3440 co·
