2266 3832
289 292 296 311 ι
349 225 455 272 ursus
474 224 704 275 maneamus.
728 211 773 275 ΙΙ.
1056 218 1078 283 3

67 376 268 442 mentatione
291 377 325 439 in
349 374 505 461 Hymetto
526 386 636 441 monte
657 376 823 463 sepelivit,
848 380 920 465 ipsa
941 401 1019 445 vero
1041 403 1077 445 sc

67 459 241 546 suspendit
271 459 398 547 laqueo.
451 458 550 524 Oanis
575 460 745 545 adpones
777 463 846 524 eius
869 463 1076 527 discumbens

66 544 192 609 diutius
219 553 252 607 et
277 544 347 607 sine
369 542 532 608 alimentis
560 543 713 608 deficiens
740 553 815 630 post
882 566 957 609 uam
979 548 1076 611 anhe-

66 628 141 692 lans
163 628 199 689 in
218 636 352 713 puteum
368 646 404 690 se
445 628 570 692 reiecit.
615 626 699 690 Tum
715 627 816 690 Liber
837 651 857 690 a
892 651 953 694 ovc
972 631 1077 716 petiit,

67 709 158 799 quod
180 729 239 775 suo
259 710 395 795 imperio
418 648 613 792 defecerint,
634 721 671 775 ut
693 714 777 774 inter
799 713 941 776 siderum
962 735 1076 777 cursus

64 802 246 883 poneretur
268 794 321 857 vir
366 839 374 856 .
418 793 544 858 Icarius
572 803 681 858 autem
704 799 864 858 Arcturus
892 799 1076 861 nominatus

66 888 134 959 est,
161 878 252 941 cuius
275 877 370 941 stela
392 898 465 940 eum
486 879 647 960 exoritur,
676 880 847 942 continuas
868 889 1076 965 tempestates

67 962 164 1026 facit:
187 961 278 1025 canis
297 959 464 1024 Canicula.
498 960 616 1042 Libra,
639 982 736 1048 quarn
755 962 874 1026 Graeci
897 959 998 1044 ζυγόν
1019 986 1039 1026 a
1062 980 1100 1028 ·7

66 1044 208 1133 pellant,
231 1043 328 1108 virile
353 1066 472 1108 nomen
493 1054 543 1109 est
565 1045 585 1122 †
609 1044 763 1130 adeptus:
791 1049 847 1131 qui
869 1048 989 1132 insigni
1014 986 1076 1111 old-

30 1129 192 1193 sementia
207 1138 240 1192 et
256 1129 381 1192 iustitia
397 1128 420 1206 †
437 1128 573 1192 Moches
592 1129 715 1210 dictus;
737 1131 793 1215 qui
812 1131 935 1215 primus
958 1132 1076 1194 dicitur

66 1210 173 1279 librae
222 1211 327 1277 ondus
356 1210 540 1277 hominibus
568 1213 749 1293 invenisse,
791 1234 874 1298 quae
902 1214 1076 1278 utilissima

64 1234 259 1361 mortalilns
278 1296 490 1376 existimatur,
513 1295 652 1381 ideoque
669 1298 703 1358 in
721 1317 891 1359 numerum
909 1298 1076 1362 stellarum

64 1388 219 1466 receptus
242 1388 346 1444 estet
369 1379 471 1444 Libra
491 1387 540 1443 est
562 1380 678 1443 dietim.
723 1378 893 1464 Scorpius,
916 1383 970 1466 qui
995 1381 1099 1452 diei-3

65 1474 123 1529 tur
156 1462 200 1527 ad
227 1464 405 1549 perniciem
432 1462 563 1526 Orionis
590 1464 624 1526 in
655 1463 764 1527 insula
792 1463 875 1529 chio
904 1466 938 1527 in
966 1473 1075 1529 monte

29 1572 58 1615 ss
69 1545 227 1613 Pelinaeo
248 1547 414 1612 voluntate
433 1546 562 1610 Dianae
582 1557 689 1610 natus.
728 1548 832 1611 Orion
852 1559 976 1629 autem,
999 1548 1076 1612 dum

65 1640 223 1712 venatur,
249 1631 322 1695 visa
339 1630 449 1693 Diana
473 1640 622 1717 stuprare
647 1654 718 1695 eam
743 1632 856 1696 soluit.
901 1632 964 1695 llla
988 1652 1075 1696 scor-

65 1718 199 1803 pionem
225 1713 377 1796 subiecit,
406 1716 556 1800 quicum
584 1717 652 1778 rita
673 1718 827 1801 privaret.
873 1716 933 1802 Iup
957 1718 1018 1779 iter
1042 1724 1075 1779 et

67 1800 273 1885 scorpionem
289 1807 322 1862 et
338 1798 495 1862 Orionem
513 1800 598 1862 inter
622 1800 731 1863 sidera
755 1801 887 1885 recepit.
932 1738 1099 1883 legista-o

65 1886 153 1964 rius,
177 1882 315 1964 Croton,
337 1882 422 1946 filius
439 1886 606 1961 Euphemes
622 1886 758 1947 nutricis
781 1884 956 1965 Musarum,
978 1904 1074 1970 quem

29 1968 186 2033 mMnsae
206 1987 335 2053 semper
353 1966 537 2030 dilexerunt
558 1989 613 2047 eo,
636 1968 722 2049 quod
743 1968 860 2051 plausu
878 1980 910 2030 et
930 1968 1002 2030 lusu
1024 1987 1074 2027 sa-

67 2053 225 2153 gittarum
254 2072 308 2114 eas
334 2060 496 2115 avocaret.
539 2051 606 2114 Alii
632 2052 808 2115 Chironem
830 2051 957 2131 dicunt,
986 2048 1075 2135 quod

67 2144 173 2201 iustus
190 2144 223 2199 et
237 2136 327 2220 pius,
346 2135 474 2215 doetus,
495 2134 665 2219 hospitalis
684 2134 791 2197 suerit.
824 2134 934 2196 Abeo
952 2136 1074 2195 Aescu-

67 2219 177 2306 lapius
192 2218 402 2301 medicinam,
422 2218 568 2282 Achilles
582 2218 741 2281 citharam
759 2230 792 2279 et
809 2224 865 2279 etii
880 2217 945 2279 clia
963 2216 1073 2279 multa.

69 2302 120 2369 Oa
159 2304 304 2385 ieomns,
331 2303 384 2366 cui
404 2323 521 2367 nomen
543 2303 623 2365 Pan.
673 2300 747 2379 (luo
768 2313 912 2385 tempore
934 2299 1118 2385 'l'yplzonlo

30 2406 60 2449 rs
69 2408 129 2473 spe
141 2407 242 2450 uncas
259 2387 405 2450 incolens
418 2388 453 2449 in
464 2398 572 2450 monte
584 2386 693 2447 'lauro
706 2388 891 2469 Aegyptum
909 2384 1073 2469 profectus

68 2480 120 2535 est
135 2469 178 2534 ad
194 2469 326 2549 bellurn,
345 2469 416 2533 Pan
427 2492 464 2534 se
477 2471 510 2533 in
524 2492 642 2555 caprae
658 2472 735 2549 fleur
743 2492 795 2532 arn
808 2491 922 2531 conver
930 2471 979 2531 tir.
1011 2466 1074 2547 lgi-

66 2566 122 2619 tur
133 2553 179 2617 dii
190 2553 397 2635 immortales,
413 2564 583 2639 postquam
593 2553 786 2638 'l‘yplrorrenr
801 2554 901 2635 digna
912 2572 1016 2637 poena
1027 2550 1074 2611 es-

67 2638 232 2718 fecerunt,
250 2638 341 2701 Pana
354 2648 513 2701 astrorum
524 2641 679 2701 memoria
690 2638 936 2700 decoraverunt.
965 2636 1073 2719 Aspre·
1085 2652 1114 2705 ιι

67 2722 153 2802 rius,
203 2723 239 2785 ui
258 2732 390 2806 putatur
410 2743 482 2785 esse
501 2720 726 2807 (isnyrnedes,
751 2722 871 2784 dieitur
894 2720 1072 2781 Deucalion

34 2744 263 2886 so'l'hessdlus,
293 2807 365 2892 qui,
393 2828 466 2869 cum
487 2808 629 2869 maxime
655 2806 853 2889 ‹uzaelysrnc
874 2827 946 2867 euru
974 2824 1075 2865 uxore

68 2888 177 2975 Pyrra
201 2889 290 2954 solus
318 2891 493 2970 evasisset,
520 2889 573 2955 lric
592 2891 721 2973 pir-raris
743 2910 842 2950 carrea
865 2890 948 2949 iuter
967 2888 1075 2949 sidera

68 2972 195 3037 locatus
215 2984 276 3039 est.
320 2974 450 3055 Pisces,
472 2974 546 3037 ideo
568 2971 716 3060 {pis‹:‹:s},
742 2978 820 3057 «pria
843 2972 928 3035 belle
950 2972 1117 3049 (ilcan-le

67 3056 262 3122 mmVeuus
278 3058 467 3143 perturbata
482 3060 514 3121 in
550 3059 647 3119 iecerrr
660 3080 696 3117 se
713 3058 966 3137 transfiguravit.
995 3062 1075 3115 bam

69 3138 191 3205 dicitur
217 3142 305 3205 etin
327 3141 494 3228 Euphrate
515 3080 615 3204 elusio
640 3162 736 3202 cvrum
763 3142 860 3225 pier-is
888 3142 928 3175 Η
960 3141 990 3199 ir·
1018 3160 1077 3199 <rra

36 3222 213 3293 sfluminis
229 3224 380 3289 columba
396 3226 564 3289 adsedisse
582 3225 652 3287 dies
672 3246 692 3307 p
706 3227 827 3285 erimus
847 3238 879 3285 et
897 3222 1076 3285 exclusisse

70 3307 167 3375 (lenm
186 3309 362 3389 benignam
377 3322 411 3373 et
426 3308 665 3373 miseris-orden
690 3308 872 3371 horninibus
893 3306 932 3367 acl
957 3304 1075 3365 borram

70 3392 184 3459 vitam.
229 3393 405 3479 Vtriusque
424 3394 597 3457 memoriae
621 3395 844 3477 cernelienses
867 3395 950 3453 ieter
967 3390 1078 3451 sidera

70 3474 245 3542 nobilitati.
