2266 3832
71 236 125 283 XII
515 231 721 280 PRAEFATIO.

73 381 184 435 tentiam
207 380 367 444 relativam,
391 378 467 430 velut
485 377 600 448 ‘quihus
613 394 694 431 armo
709 391 763 446 per
781 374 872 430 orbem
890 380 1032 432 terrarum
1047 378 1093 432 cir
1125 409 1130 418 ·

73 463 152 534 tutte,
173 463 218 517 hie
238 459 425 515 intercidisse.
454 490 490 499 -
511 462 555 526 47,
575 464 592 515 4
613 463 763 529 separatim
783 456 943 528 referentur
963 460 999 513 H:
1027 474 1092 532 sep.
1116 486 1133 507 r

69 545 199 618 serentur
224 545 286 613 BN,
312 558 371 612 sep.
390 542 606 615 proferenturO
628 550 654 596 et
667 545 761 613 vulga
807 540 922 612 Syllaba
937 545 983 596 tim
998 543 1027 598 in
1043 543 1067 599 B
1086 545 1114 598 in

74 645 140 684 sura
156 629 260 682 maiore
274 629 377 696 scripta
391 633 442 681 est.
468 626 507 679 lie
519 627 643 680 contusis
656 627 772 697 syllabis
782 640 838 695 per
852 630 878 678 et
890 639 921 678 re
939 626 1025 680 etad
1039 643 1069 696 p.
1081 632 1117 686 31

72 743 114 752 -
136 714 179 778 47,
202 715 236 769 54
247 711 352 776 Crassi]
369 711 444 765 cossi
459 710 480 762 B
497 711 566 777 (non
581 713 695 776 cuassi).
716 737 755 757 -η
782 712 831 774 48,
853 709 888 765 57
902 707 1018 779 fnestra
1030 710 1119 766 adicit

70 795 182 868 frustra
193 794 304 850 diuoluit
317 793 354 859 Β,
367 792 479 865 frustra
494 793 540 847 diu
557 794 641 847 ualuit
657 794 689 847 N.
724 791 861 863 Equidem
873 790 919 845 hic
935 808 1048 863 quoque
1063 793 1122 864 aliq

72 879 213 932 excidisse
227 878 386 947 suspicatus
398 876 520 931 scribere
538 877 647 930 malim:
659 875 772 946 frustra
790 876 911 944 diripere
928 876 1026 938 ooiuit;
1041 877 1080 930 cl.
1098 892 1117 947 q

73 967 226 1030 sequuntur
241 960 275 1013 de
292 960 380 1014 Thala
397 975 507 1014 revera
520 958 637 1028 direpta.
666 990 708 999 -
735 963 787 1025 48,
803 961 838 1016 38
857 960 943 1012 armis
957 958 1130 1015 mauris

72 1045 206 1116 repiisll:
225 1061 252 1097 a.
270 1049 287 1096 t.
301 1045 374 1113 repis
391 1042 472 1098 BNO.
507 1042 547 1097 Ci.
562 1045 643 1112 pti,
673 1046 703 1099 16
715 1044 743 1096 in
758 1042 833 1096 banis
846 1042 945 1112 repiis‚·
970 1047 1015 1109 65,
1030 1047 1069 1102 54
1086 1057 1131 1098 re

71 1129 182 1183 inhians
196 1129 240 1182 itte
253 1126 409 1181 thensauris
431 1133 484 1180 etc.
509 1155 552 1164 —
573 1129 622 1191 ts,
648 1129 683 1183 38
701 1126 814 1194 diripuit
827 1123 865 1176 32
888 1124 1028 1194 disrupuit
1043 1125 1085 1193 N,
1108 1129 1130 1180 l·

73 1218 164 1278 rectc3
188 1227 216 1265 v.
230 1210 443 1264 Fleckeisenum
469 1210 497 1262 in
514 1210 587 1263 Anu.
607 1224 672 1263 nuv.
689 1209 787 1279 philol.
811 1213 838 1263 et
853 1206 976 1279 paedag.
989 1209 1055 1264 Vol.
1076 1209 1124 1264 LX

72 1312 101 1366 p.
117 1299 179 1352 358.
192 1324 234 1332 -
254 1298 297 1360 49,
310 1296 325 1350 7
339 1294 467 1363 Capsam,
481 1295 509 1346 in
522 1293 611 1347 media
624 1291 725 1362 Africa
737 1294 782 1346 siti
794 1291 927 1362 onpuibus
935 1291 1105 1364 harenisque

74 1379 157 1432 latarn
173 1379 209 1431 B:
232 1394 283 1446 pro
295 1378 340 1430 siti
353 1383 397 1431 est
413 1379 440 1430 in
452 1378 581 1438 Nsitarn;
607 1392 660 1446 ego
674 1375 767 1429 malim
779 1377 846 1437 situ;
865 1390 929 1429 nam
944 1376 989 1430 siti
1002 1375 1129 1431 harenis

73 1464 244 1531 tautologum
264 1459 383 1514 videtur.
412 1490 453 1500 -
473 1464 522 1526 49,
550 1465 584 1518 35
602 1459 723 1515 Aruerni
747 1457 813 1512 cdd.
835 1464 961 1512 veteres:
982 1458 1091 1514 Aroeni
1121 1464 1133 1506 ²⁴

72 1545 195 1600 Aroeruei
208 1544 241 1597 N.
275 1541 315 1596 et
328 1543 398 1596 Plin.
410 1543 472 1598 Nat.
488 1543 557 1597 Hist.
572 1542 631 1608 Vll,
654 1548 696 1609 50,
714 1546 864 1608 §.166.-
879 1548 928 1609 50,
944 1548 960 1599 l
978 1541 1129 1598 Venonis

73 1627 222 1681 bisuisusN
231 1667 237 1691 ‚
251 1641 321 1695 quae
338 1627 418 1680 lectio
432 1625 532 1681 suadet
546 1632 573 1679 ut
584 1626 702 1680 Bituitus
717 1627 884 1683 restituatur.
899 1653 941 1664 —
956 1631 1006 1692 50,
1022 1628 1059 1684 33
1073 1624 1107 1680 Τ·

73 1725 125 1766 nos
139 1710 187 1763 BN
199 1711 249 1776 (ex
267 1710 438 1762 nominativo
459 1709 607 1769 Teutones·
633 1725 660 1762 v.
674 1725 758 1778 supra
776 1708 813 1763 ad
825 1725 852 1778 p.
864 1711 908 1775 57,
925 1709 970 1775 4)=
989 1707 1125 1765 Teutonos

74 1818 110 1829 -
129 1799 172 1860 51,
193 1798 225 1849 10
239 1791 406 1846 Teutobodus
424 1794 524 1862 scripsi
544 1809 579 1846 ex
595 1791 693 1846 Oresio
707 1792 740 1859 V,
763 1796 795 1849 16
811 1799 839 1847 et
853 1792 986 1862 Eutropio
997 1792 1034 1858 V,
1048 1798 1078 1849 l:
1117 1812 1133 1837 w

74 1882 188 1933 uocatus
200 1875 231 1945 Β,
245 1874 396 1932 teutobocus
412 1876 445 1930 N.
490 1876 559 1930 Illud
572 1876 665 1944 recepi
681 1883 710 1930 ut
724 1877 839 1945 propius
858 1875 999 1930 accedens
1019 1873 1056 1929 ad
1074 1877 1128 1930 lect

75 1977 139 2015 nem
157 1960 264 2015 codicis
277 1960 309 2026 B,
325 1976 407 2030 quam
424 1958 499 2030 quod
518 1960 602 2029 vulgo
621 1959 650 2012 in
664 1959 685 2013 F
687 1960 747 2013 loro
765 1961 839 2012 nulla
854 1960 987 2013 librorum
1004 1959 1133 2014 auctorit

75 2044 167 2099 editur
181 2043 389 2098 Teutobocchus.
422 2045 617 2098 Potesttamen
633 2048 816 2097 teutouocntus
831 2044 914 2097 etiam
930 2047 1092 2112 corruptum
1104 2058 1133 2096 e:

75 2145 111 2182 ex
125 2127 305 2193 Teutobocus,
325 2132 353 2181 ut
371 2132 414 2182 est
436 2128 463 2182 in
475 2128 508 2182 N.
539 2128 568 2179 ln
585 2127 684 2182 Oresio
702 2127 783 2180 lectio
800 2125 934 2181 librorum
949 2124 1104 2180 admodum
1123 2130 1128 2175 t

75 2214 168 2279 ctuat}
182 2212 245 2269 cod.
264 2212 373 2265 llllonac,
385 2211 469 2266 habet
487 2210 650 2276 Theudotus,
664 2208 692 2264 S.
707 2210 844 2280 Gallensis
855 2208 1067 2264 reuocatus-
1077 2215 1122 2275 51,

77 2309 176 2352 uenere
187 2297 241 2364 ipsi
258 2325 299 2333 —
314 2311 379 2348 narn
394 2300 480 2349 metus
491 2297 519 2347 in
534 2294 661 2347 barbaris
677 2294 753 2347 uuita
769 2295 961 2363 uestipiu-et
973 2292 1045 2346 diem
1055 2309 1116 2365 pup
1132 2324 1133 2332 κ

76 2396 94 2432 a
108 2383 201 2431 nostro
218 2380 385 2448 imperatore
399 2369 546 2454 petierunt]
565 2378 605 2430 sic
623 2377 727 2430 ineerta
743 2377 937 2431 emendatione
949 2373 1068 2445 scripsi,
1087 2383 1116 2430 ut

76 2461 199 2531 gentium
215 2459 361 2513 commodo
374 2461 587 2528 subveniretur;
603 2461 630 2513 in
647 2460 668 2513 B
685 2462 771 2514 verba
785 2474 884 2515 uenere
899 2474 987 2529 usque
1005 2458 1042 2513 ad
1059 2474 1106 2514 oes
1121 2461 1133 2507 ἰ

76 2550 102 2598 et
116 2544 220 2597 omissa
239 2547 317 2609 sunt;
341 2543 365 2597 N
379 2542 479 2597 habet:
499 2558 597 2598 uerrere
613 2544 653 2596 illi
664 2560 746 2613 quarn
763 2548 789 2597 et
801 2545 829 2597 in
845 2543 973 2598 barbaris
988 2543 1072 2598 multa
1090 2557 1133 2598 ae

74 2629 120 2698 pia
137 2626 207 2680 diem
225 2654 262 2665 -
277 2656 319 2665 —
331 2628 476 2695 petierunt.
491 2651 533 2663 -
547 2632 590 2694 51,
606 2633 639 2682 55
655 2628 735 2680 etsie
751 2627 813 2680 BN:
838 2626 921 2681 ethic
936 2625 1112 2681 Perizonius.

76 2715 119 2775 55,
138 2715 153 2765 l
173 2711 258 2764 verba
272 2724 337 2762 nam
352 2725 413 2763 ciem
425 2710 508 2763 misso
524 2711 562 2763 ad
572 2708 695 2764 Marium
711 2711 842 2780 tepatione
859 2699 1007 2764 libertatern
1022 2724 1057 2764 ac
1070 2725 1133 2765 sao

76 2794 176 2848 dotium
194 2808 248 2847 non
264 2794 448 2860 inpetrassent
464 2793 565 2847 intacta
582 2794 695 2863 reliqui,
713 2809 881 2864 quamquam
897 2794 1020 2864 graviter
1037 2808 1133 2848 corru

77 2877 216 2930 existimo.
260 2876 475 2943 lltlommscnius‚
494 2893 576 2947 quem
592 2877 626 2931 de
646 2879 707 2931 loco
723 2877 866 2944 consului,
894 2881 973 2931 acute
991 2877 1118 2946 suspicat

77 2976 141 3014 nam
156 2975 217 3013 curn
232 2961 315 3036 puisse
330 2961 369 3013 ad
381 2958 504 3014 Marium
520 2962 651 3032 tepatione
665 2961 813 3015 libertatem
824 2961 1000 3031 mapistratus
1014 2962 1065 3028 (ex
1079 2977 1106 3014 m
1131 2994 1133 3009 ι

78 3058 112 3097 nc
123 3043 305 3098 sacerdotium
323 3043 356 3110 (i.
369 3060 394 3097 e.
413 3042 589 3111 sacerdotes)
604 3061 659 3099 non
673 3047 858 3115 inpetrassent
870 3048 922 3097 ete.
937 3067 980 3078 -
993 3049 1037 3110 55,
1050 3048 1068 3102 6
1082 3043 1104 3097 Β

78 3131 123 3182 bet
134 3127 528 3197 plaustroruneqependerunt‚
559 3129 647 3182 littera
662 3128 792 3200 qeadem
806 3143 890 3182 manu
905 3127 933 3180 in
945 3144 969 3198 p
985 3133 1098 3182 mutata.

25 3276 27 3280 ,
77 3216 121 3278 55,
136 3212 169 3267 17
192 3212 277 3265 verba
292 3211 365 3281 quod
380 3241 421 3250 —
435 3241 477 3250 —
491 3213 574 3278 salet,
591 3228 662 3282 quae
675 3211 759 3266 codd.
769 3218 834 3282 post
847 3213 989 3266 interesset
1000 3212 1042 3280 (v.
1058 3211 1106 3277 50)

78 3296 158 3361 bent,
178 3310 240 3347 cum
261 3293 356 3348 lahuio
378 3296 536 3364 transposui
544 3312 552 3362 ;
578 3302 641 3365 post
658 3297 786 3351 uictoriae
802 3295 952 3352 Cimbricae
966 3294 1110 3365 probabile
1131 3318 1133 3340 2

78 3379 263 3448 participium,
276 3379 352 3433 velut
363 3379 546 3446 substernens,
563 3379 748 3433 iutercidissc.
778 3408 822 3419 -
849 3385 897 3444 55,
926 3382 961 3436 35
988 3379 1121 3434 diuorum

77 3464 206 3517 montilum
219 3463 285 3517 situs
296 3478 357 3517 cum
374 3465 479 3536 inpenio
493 3463 694 3520 consentiebant
710 3465 794 3536 vulgo
810 3463 928 3537 legitur,
948 3459 1000 3516 sed
1025 3467 1107 3516 eruut
1126 3485 1132 3509 ·
