2266 3832
83 233 127 297 58
446 242 553 292 suom
563 240 722 289 amotas

84 422 168 463 ram.
200 396 299 482 idque
323 404 532 480 prospectum
559 390 719 475 singulari
740 386 877 455 consilio
900 386 1013 468 ducis,
1041 388 1094 472 qui

85 482 282 547 maritimum
299 498 403 563 genua
422 499 443 541 a
464 484 643 561 conspectu
660 473 759 559 longe
777 471 919 537 removit
937 470 1043 535 maris
1064 478 1096 531 et

85 564 330 629 mediterraneis
347 561 436 645 agris
454 560 549 645 quasi
564 556 733 642 obligavit,
754 552 933 641 eodemque
950 562 1096 653 temporo

86 664 119 712 et
138 668 234 710 nsum
252 646 351 709 maria
370 642 510 708 naribus
530 642 737 727 recuperavit
766 649 800 704 et
817 646 928 703 torrae
947 636 1095 703 hommes

45 745 163 796 toauos
185 729 338 794 reddidit.
370 727 450 814 quid
469 727 562 813 prius
582 727 619 788 in
638 724 701 789 hac
719 724 839 787 mirere
853 720 1022 787 victoria?
1043 740 1114 785 ves

85 813 274 878 locitatem'?
313 809 804 895 uadragensimodiepartaeat.
824 802 1096 869 anfslicitatom?

84 918 127 1047 {re
146 918 213 1023 nna
234 835 366 1042 quliidem
380 895 479 1041 naga
498 893 624 1039 milli
640 900 781 1039 cettan
797 909 879 954 vero
897 888 1096 975 perpetuita-

99 1002 168 1043 em.
197 1001 271 1064 amp
297 1000 336 1041 us
356 999 428 1064 pira
464 998 566 1041 enon
624 996 705 1040 erun

297 1109 407 1174 XLII.
436 1107 623 1173 BELLVM
642 1102 887 1173 CRETIOVM.

16 1229 95 1310 111,7
169 1226 334 1292 Creticum
354 1225 492 1308 bellum,
514 1229 545 1291 si
563 1248 645 1291 vera
662 1225 830 1307 volumus,
859 1244 921 1290 nos
939 1222 1124 1305 fecimua3o

86 1311 158 1377 sola
184 1319 265 1375 enim
298 1312 452 1376 vincendi
477 1310 622 1375 nobilem
647 1309 789 1375 insulam
815 1307 981 1395 cupiditas
1008 1305 1095 1371 fecit

86 1397 212 1460 favisse
235 1394 416 1459 Mithridati
436 1394 624 1477 videbatur3
645 1394 707 1459 hoc
727 1392 850 1479 placuit
869 1391 972 1457 armIs
992 1388 1114 1459 vindi·

60 1501 174 1550 ocare.
207 1480 330 1565 primus
357 1479 480 1542 invasit
500 1478 641 1543 insulam
662 1477 794 1542 Marcus
815 1474 998 1557 Antonius,
1026 1494 1098 1538 cum

85 1563 211 1645 ingenti
222 1561 352 1647 quidem
362 1560 831 1647 victoriaespeatquefiducie,
852 1558 936 1623 odeo
946 1565 986 1623 ut
995 1556 1097 1643 pluris

86 1658 218 1708 catenas
240 1646 275 1706 in
293 1643 433 1709 natibus
455 1667 552 1731 quam
570 1666 662 1708 arma
681 1653 836 1729 portaret.
874 1641 967 1707 dedit
987 1645 1124 1788 mltum

58 1748 208 1812 3poenas
228 1726 432 1791 vaecordiae.
454 1749 531 1791 nam
545 1727 718 1814 plerasque
736 1748 838 1791 naves
853 1726 978 1790 interce
1001 1726 1028 1789 it
1067 1745 1097 1787 o

87 1812 162 1891 stis,
185 1811 378 1896 captivaque
395 1831 434 1875 co
475 1832 533 1874 ora
549 1808 725 1896 religantes
742 1809 826 1875 velis
842 1830 883 1873 ac
898 1747 1036 1873 suntin
1048 1828 1096 1870 su-

87 1916 103 1956 s
126 1893 257 1975 endere,
280 1915 319 1957 ac
341 1895 389 1958 sic
406 1833 608 1958 t'dlilicantes
629 1893 898 1978 triumphantium
913 1892 952 1955 in
966 1891 1097 1956 modum

59 1993 79 2042 4
135 1985 203 2042 etes
221 1977 369 2063 portibus
391 1979 459 2042 suis
480 1978 775 2062 adremigaverunt.
807 1974 960 2040 Metellus
980 1973 1096 2039 deinde

86 2070 188 2124 totam
206 2062 347 2126 insulam
364 2064 376 2126 i
424 2064 431 2077 '
452 2063 604 2147 ferroque
619 2059 791 2147 populatus
807 2061 894 2124 intra
909 2056 1048 2123 castella
1064 2063 1124 2121 eta

86 2144 188 2210 urbes
204 2147 340 2231 redegit,
361 2152 495 2212 bnoson
510 2144 732 2209 Eleuthernan
752 2154 794 2225 et,
810 2151 847 2208 ut
857 2142 979 2208 Graeci
990 2142 1097 2206 dicere

62 2229 210 2311 osolent,
236 2230 366 2295 urbium
387 2239 525 2294 matrem
545 2227 750 2313 Cydoneam
776 2226 923 2325 adeoque
945 2246 1046 2290 saeve
1065 2225 1098 2288 in

89 2314 236 2397 captivos
258 2312 503 2393 consulebatur,
531 2320 569 2376 ut
589 2332 716 2376 veneno
741 2332 778 2375 se
797 2310 943 2396 plerique
962 2308 1097 2374 confice

88 2404 170 2474 rent,
190 2396 247 2458 alii
264 2395 461 2460 deditionem
471 2416 563 2458 suam
581 2394 625 2459 ad
635 2394 826 2480 Pompeium
842 2392 1013 2458 absentem
1027 2392 1098 2456 mit·

60 2487 205 2545 oterent.
229 2488 261 2541 et
278 2500 352 2543 oum
368 2478 423 2543 ille
439 2500 493 2542 res
510 2479 546 2540 in
561 2478 643 2541 Asia
681 2500 785 2559 erens,
802 2499 841 2542 eo
858 2496 987 2562 quoquc
1004 2496 1126 2562 praeis

88 2559 210 2624 fectum
232 2562 373 2626 misisset
393 2563 573 2626 Antonium
593 2563 628 2624 in
648 2583 669 2625 a
684 2563 790 2627 ‘enam
810 2559 1032 2647 provinciam,
1051 2560 1097 2623 iu·

87 2644 169 2706 ritus
193 2644 269 2725 suit,
300 2665 402 2730 eoque
423 2645 574 2709 infestior
594 2645 746 2710 Metellus
770 2646 806 2707 in
826 2643 936 2709 hostes
959 2644 1011 2707 ius
1033 2641 1098 2706 vic·

88 2727 169 2791 toris
191 2729 345 2808 exercuit,
368 2729 528 2827 victisque
538 2727 702 2792 Lasthene
719 2737 752 2792 et
762 2728 898 2808 Panare,
922 2724 1099 2812 Cydoneae

88 2809 243 2892 ducibus,
269 2811 376 2875 victor
397 2812 505 2876 rediit.
540 2814 795 2899 necquicquam
822 2820 933 2875 tamen
958 2808 1098 2896 amplius

88 2893 130 2956 de
150 2901 218 2958 tam
238 2894 364 2958 famosa
385 2896 524 2960 victoria
546 2916 643 2981 quam
664 2917 845 2981 cognomen
867 2893 1034 2960 Oreticum
1050 2907 1130 2956 re-ot

87 2979 241 3060 portavit.

258 3108 385 3174 XLIII.
415 3112 601 3176 BELLVM
622 3106 932 3176 BALEARIOVM.

19 3229 99 3310 111‚8
173 3226 340 3307 Quatenus
355 3228 480 3293 Metelli
497 3229 702 3295 Macedonici
723 3229 837 3294 domus
853 3226 981 3293 bellicis
1069 3245 1100 3291 o·

88 3311 232 3376 minibus
246 3312 451 3393 adsueverat,
472 3312 576 3377 altero
594 3334 637 3378 ex
646 3312 760 3378 liberis
780 3313 849 3376 eius
866 3311 995 3377 Cretico
1027 3317 1100 3374 acto

88 3416 179 3460 more
193 3418 260 3462 non
281 3396 344 3461 fuit
364 3397 443 3533 guin
463 3396 548 3460 alter
567 3418 694 3482 quosue
712 3395 899 3459 Raloarious
916 3400 1132 3459 vocaretur-as

62 3475 242 3543 2Baleaeeu
271 3481 362 3534 aaut
412 3488 532 3532 *omnm
574 3480 661 3538 vnun„
728 3479 846 3542 Jmati-*-
886 3475 971 3541 *altio
995 3476 1101 3541 maria
