2266 3832
447 236 643 294 LIBRRVI.
958 233 1000 297 43

88 400 182 460 lauisse
194 399 349 476 superari.
373 397 484 457 Deinde
498 400 525 458 in
537 398 682 460 Thessalia
694 400 768 478 apud
779 399 998 478 Palaeopbarsa-

88 481 144 542 lum
165 481 311 560 productis
334 484 472 560 utrimque
496 485 657 560 ingentibus
679 485 771 562 copiis
790 483 998 544 dimicaverunt.

87 567 213 644 Pompeii
225 567 302 624 acies
319 565 415 625 babuit
426 586 462 626 xn
473 565 549 626 milia
561 567 695 644 peditum,
720 570 831 646 equites
845 569 873 627 in
884 569 997 627 sinistro

88 668 175 709 comu
191 658 357 725 sexcentos,
379 651 407 708 in
419 649 519 710 dextro
538 653 723 729 quingentos,
744 660 890 730 praeterea
910 653 997 711 totius

88 733 210 794 Orientis
225 732 337 809 auxilia,
360 742 447 793 totam
458 733 646 811 nobilitatem,
665 737 826 795 innumeros
838 744 997 812 senatores,

88 820 262 895 praetorios,
286 816 449 877 consulares
474 827 502 877 et
527 820 574 896 qui
598 837 761 897 magnorum
784 822 838 878 iam
857 818 997 878 bellorum

85 904 210 961 victores
222 901 351 961 fuissent.
385 899 491 961 Cacsar
509 903 538 960 in
548 903 610 962 acie
622 921 672 963 sua
687 904 783 964 babuit
801 902 926 981 peditum
940 919 996 963 non

85 989 193 1063 integra
204 1004 260 1044 xxx
270 985 356 1061 milia,
370 987 481 1063 equites
493 984 569 1045 mile.

148 1070 232 1129 Gar.
248 1067 325 1129 XXI.
341 1067 488 1147 Nunquam
499 1069 590 1130 adhue
601 1069 745 1129 Romanae
757 1071 858 1148 copiae
873 1071 997 1130 inunum

84 1171 179 1230 neque
200 1155 337 1229 maiores,
361 1171 454 1232 neque
470 1152 635 1213 melioribus
653 1152 772 1213 ducibus
794 1163 995 1231 convenerant,

84 1246 173 1296 totum
184 1245 319 1296 terrarum
332 1237 429 1296 orbem
445 1236 530 1297 facile
546 1238 729 1314 subnotatae,
749 1239 772 1296 si
785 1247 882 1297 contra
897 1237 995 1297 barba·

84 1338 133 1380 ros
145 1319 322 1380 ducerentur.
346 1318 499 1398 Pugnatum
512 1329 603 1381 tamen
618 1329 662 1380 est
678 1321 784 1398 ingenti
803 1323 993 1396 contentione,

84 1405 234 1481 vietusque
254 1402 289 1463 ad
306 1412 479 1482 postremum
497 1402 648 1482 Pompeius
665 1413 694 1464 et
705 1412 797 1464 castra
808 1407 869 1464 eius
887 1404 996 1481 direpta

85 1496 158 1546 sunt.
184 1485 252 1564 lpse
264 1488 377 1565 fugatus
387 1487 583 1548 Alexandriam
596 1488 687 1566 petiit,
707 1497 738 1547 ut
748 1506 765 1548 a
775 1507 845 1565 rege
856 1487 993 1565 Aegypti,

85 1572 130 1629 cui
141 1580 217 1630 tutor
231 1589 247 1631 a
259 1580 356 1631 senatu
372 1571 452 1631 datus
464 1573 555 1632 luerat
571 1580 689 1651 propter
702 1571 854 1631 iuvenilem
871 1574 931 1630 eius
947 1589 994 1630 aa·

84 1664 178 1731 tatem,
192 1657 338 1733 acciperet
349 1655 460 1715 auxilia.
485 1654 540 1728 Qut
553 1657 690 1716 fortunam
702 1658 791 1733 magis
803 1674 886 1734 quam
897 1657 991 1716 amici·
998 1684 1053 1726 Ap,

84 1741 147 1798 tiam
159 1747 274 1799 secutus
287 1740 391 1799 occidit
400 1738 575 1817 Pompeium,
588 1748 672 1818 caput
683 1742 745 1798 eius
757 1749 786 1798 et
796 1738 908 1798 anulum
920 1737 991 1798 Cae·
1009 1750 1054 1793 ma

83 1824 138 1882 sari
149 1824 233 1882 misit.
273 1821 337 1895 Quo
355 1833 512 1900 conspecto
526 1821 632 1882 Caesar
644 1825 725 1883 etiam
741 1821 871 1883 lacrimas
883 1821 993 1881 fudisse

83 1906 194 1982 dicitur,
206 1908 274 1966 tanti
289 1907 342 1965 viri
359 1909 470 1966 intuens
484 1915 568 1984 caput
581 1916 609 1966 et
620 1908 719 1984 generi
733 1906 871 1983 quondam
883 1906 935 1968 sui.

148 1990 236 2052 Gar.
255 1988 347 2049 XXll.
361 1987 481 2069 (XVll.)
514 1988 582 2049 Mox
598 1987 704 2048 Caesar
723 1988 919 2048 Alexandriam
944 2006 993 2046 ve·

82 2075 131 2132 nit.
169 2071 229 2150 lpsi
250 2087 365 2149 quoque
376 2071 553 2132 Ptolemaeus
567 2091 665 2150 parare
682 2071 771 2132 voluit
787 2070 919 2147 insidias,
939 2088 994 2149 qua

82 2173 183 2215 caussa
193 2157 255 2232 regi
267 2154 370 2213 bellum
382 2153 487 2214 illatum
497 2164 550 2214 est.
574 2154 672 2214 Victus
684 2156 712 2214 in
723 2154 789 2213 Nilo
802 2155 884 2232 periit
898 2156 993 2213 inven-

82 2248 197 2318 tumque
213 2248 258 2298 est
270 2255 373 2317 corpus
385 2239 446 2297 eius
458 2256 520 2297 cum
531 2237 620 2297 lorica
631 2256 725 2297 aurea.
753 2235 859 2297 Caesar
870 2235 992 2296 Menan-

82 2323 140 2383 dria
161 2324 267 2401 potitus
289 2341 405 2400 regnum
424 2320 593 2400 Cleopatrae
606 2320 698 2397 dedit,
718 2319 873 2380 Ptolemaei
887 2320 991 2395 sorori,

83 2426 145 2466 curn
166 2425 221 2486 qua
239 2406 471 2466 consuetudinem
493 2407 582 2484 stupri
603 2406 746 2466 babuerat.
780 2404 906 2464 Rediens
927 2404 993 2463 indc

83 2488 379 2564 Caesaeramacem,
396 2489 562 2549 Mithridatis
573 2488 667 2567 Magni
685 2488 780 2564 lilium,
798 2490 845 2567 qui
857 2487 992 2567 Pompeio

81 2579 108 2633 in
121 2574 252 2634 auxilinm
264 2573 340 2652 apud
350 2572 522 2634 Thessaliam
537 2574 643 2649 luerat,
660 2571 844 2632 rebellantem
863 2573 890 2631 in
903 2570 991 2631 Ponto

80 2667 166 2735 atque
177 2656 277 2716 multas
289 2656 387 2735 populi
402 2657 520 2717 Romani
533 2658 693 2734 provincias
707 2665 903 2733 occupantem,
926 2657 994 2714 vicit
1005 2663 1060 2706 Adl-

81 2743 154 2816 acie,
167 2750 267 2818 postca
279 2740 314 2800 ad
328 2751 446 2800 mortem
458 2742 565 2817 coegit.
1007 2731 1053 2774 ²⁰⁶·

143 2825 226 2885 Gne.
250 2822 355 2883 XXlll.
368 2823 503 2903 (XVlll.)
528 2822 596 2883 Inde
608 2822 725 2882 Romam
742 2840 892 2900 regressus
907 2823 991 2880 tertio
1004 2851 1058 2894 pu,

81 2926 113 2967 se
125 2907 270 2966 consulem
282 2908 350 2966 feeit
366 2925 427 2966 cum
438 2907 477 2966 lll.
488 2906 610 2966 Aemilio
621 2905 740 2984 bcpido,
759 2907 806 2984 qui
820 2907 846 2964 ei
857 2907 992 2982 magister
1003 2920 1049 2963 roe

81 2993 205 3069 equitum
217 2990 345 3050 dictatori
358 3000 421 3050 aute
435 3009 535 3051 annum
547 2990 647 3050 iuerat.
669 2987 739 3048 lnde
751 2991 778 3048 in
791 2987 913 3048 Alrioam
926 3005 990 3066 pro·

79 3074 172 3133 iectus
189 3083 247 3149 cst,
271 3074 318 3133 ubi
335 3074 438 3134 infinita
454 3073 586 3134 nobilitas
610 3092 674 3132 cum
692 3072 776 3149 luba,
801 3072 991 3133 lilauretaniac
1077 3102 1084 3112 ·

78 3176 159 3235 rege,
176 3156 279 3217 bellum
296 3167 483 3235 reparaverat.
515 3157 613 3217 Duces
630 3166 722 3217 autem
732 3156 851 3216 Romani
869 3165 947 3215 erant
958 3154 990 3215 P.

80 3239 229 3301 Cornelius
242 3242 359 3319 Scipio,
385 3260 538 3319 exgenere
553 3242 748 3319 antiquissimo
761 3241 905 3317 Scipionis
915 3238 990 3298 Afri·

80 3326 140 3384 cani
153 3325 214 3402 (bic
226 3327 308 3384 etiarn
321 3342 405 3385 socer
416 3324 543 3403 Pompeii
560 3325 653 3402 lllagni
666 3325 783 3404 lucrat),
799 3323 837 3382 Μ.
850 3322 989 3397 Petreius,

79 3407 114 3480 Q.
127 3409 228 3486 Varus,
244 3407 282 3468 bl.
295 3407 410 3469 Porcius
424 3407 512 3484 Cato,
536 3407 567 3467 L.
583 3407 731 3467 Cornelius
743 3406 875 3479 Faustus,
894 3403 990 3464 Sullae
