2266 3832
133 197 174 258 32
479 201 695 259 sorbebit

135 375 315 442 quaestorem
332 384 411 424 suum
424 364 585 424 Cornelium
596 365 711 441 Sullam,
725 367 867 442 ingentem
878 368 984 443 virum,
1001 377 1057 429 tra-

136 449 219 507 dente
232 449 347 508 Boccho
363 449 539 526 lugurtham,
561 451 608 527 qui
622 466 673 526 pro
690 467 725 508 eo
737 459 801 508 ante
816 461 1007 528 pugnaverat.
1032 453 1058 512 Α

72 539 127 580 n‚.u
136 531 174 590 Μ
188 531 267 592 Ιιιιιῑο
279 532 390 608 Silano,
410 532 521 609 collega
535 531 569 605 Q
583 532 706 608 llletelli,
730 532 853 592 Cimbri
845 553 874 593 nn
886 534 979 594 Gallia
993 545 1026 595 et
1041 555 1058 596 a

72 607 117 649 ⁶¹¹5
102 615 259 716 Ulilinucio
272 617 365 675 Rufo
357 637 384 676 nr
396 616 562 675 Macedonia
574 616 718 675 Scordisci
735 626 763 676 et
774 616 899 693 Triballi,
914 627 972 677 eta
986 620 1056 680 Ser·

73 744 119 786 6„
74 677 204 757 A‘⁰'vilio
222 698 401 778 Caepione
394 721 421 759 m
437 699 571 777 Hispania
595 699 717 759 Lusitani
738 703 805 759 victi
826 710 899 760 sum.
936 701 973 761 llt
997 704 1055 762 duo

70 814 124 855 ,Νη
137 784 267 859 triumphi
282 784 318 843 de
330 784 473 861 Iugurtha,
494 785 599 861 primus
612 802 662 861 per
672 783 828 859 Metellum,
841 785 986 844 secundus
1002 805 1057 864 per

72 864 252 925 mellarium
265 871 319 927 acti
336 877 408 927 sunt.
437 867 510 926 Ante
522 886 631 927 currum
643 876 734 927 tamen
746 867 825 927 blarii
837 867 973 946 Iugurtha
987 888 1056 930 cunr

137 949 246 1010 duobus
262 952 324 1012 filiis
338 952 437 1012 ductus
449 959 493 1010 est
505 961 647 1010 catenatus
663 960 690 1010 et
702 968 767 1010 mox
782 954 859 1011 iussu
877 953 1035 1012 consulis
1027 974 1055 1013 ιιι

138 1051 252 1094 earcere
265 1036 461 1114 strangulatus.

470 1213 712 1221 ...η-ψ-

365 1361 532 1426 blllllll
569 1350 820 1437 obtortis,

456 1561 727 1612 laudaturum.

199 1671 220 1718 l
240 1669 263 1718 2.
299 1669 395 1718 bellunm
413 1669 564 1720 Cimbricum
581 1673 656 1720 sociis
674 1670 854 1720 Germanorum
878 1676 903 1718 et
921 1668 1056 1721 Gallorum

136 1739 251 1820 gentibus
269 1747 327 1802 post
344 1753 462 1802 magnam
481 1739 578 1788 cladem
591 1755 771 1804 compressum.
799 1735 825 1789 3.
842 1738 941 1787 Bellum
955 1741 1055 1790 sociale

136 1807 161 1856 in
183 1807 254 1855 Italia
272 1822 370 1855 summo
388 1822 472 1855 rerum
496 1808 638 1857 discrimine
656 1817 766 1874 gestum.
809 1804 834 1856 4.
854 1807 951 1856 Bellum
977 1809 1055 1859 civile

134 1876 252 1939 primum,
271 1890 317 1924 scu
333 1874 483 1926 Marianum.
520 1873 596 1927 5-9.
614 1877 712 1926 Bellum
729 1876 934 1936 Mithridaticum,
952 1879 995 1927 cui
1014 1879 1054 1927 in·

135 1945 272 2007 terpouitur
289 1942 430 2004 Thracium,
450 1951 474 1993 et
492 1944 598 1995 Mariani
616 1947 769 1996 continuatio
789 1953 813 1993 et
830 1945 895 1994 linis

196 2029 282 2088 Cur.
304 2026 327 2086 l.
362 2027 435 2087 Dum
456 2029 585 2088 bellum'
578 2050 605 2090 nr
622 2029 751 2089 Numidia
770 2037 866 2088 contra
886 2025 1044 2104 Iugurtham

135 2113 252 2188 geritur,
266 2111 384 2171 Romani
398 2113 531 2172 consules
543 2113 580 2173 Μ.
596 2114 716 2173 Manlius
733 2122 761 2172 et
775 2111 809 2185 Q.
824 2111 932 2189 Caepio
945 2129 960 2171 a
976 2111 1050 2172 Cim·

134 2195 193 2253 bris
206 2204 234 2254 et
245 2194 420 2256 Teutonibus
433 2206 460 2256 et
476 2198 617 2275 Tigurinis
630 2207 659 2256 et
669 2197 869 2271 Ambronibus,
884 2214 957 2273 quae
971 2205 1053 2256 erant

135 2275 335 2338 Germanorum
352 2289 380 2338 et
396 2279 539 2341 Gallorum
550 2291 668 2358 gentes,
692 2282 759 2338 victi
777 2289 841 2338 sunt
858 2281 933 2338 iuxta
944 2278 1053 2339 flumen

133 2360 315 2437 Rhodanum,
343 2371 372 2421 et
387 2364 494 2440 ingenti
510 2365 703 2423 internecione
723 2364 830 2440 [attriti]
851 2365 934 2422 etium
957 2372 1052 2423 castra

134 2462 185 2504 sua
197 2453 226 2502 et
237 2463 363 2522 magnam
375 2456 482 2523 partem
496 2449 637 2505 exercitus
659 2446 849 2523 perdiderunt.
884 2445 980 2504 Timor
991 2445 1051 2505 llo·

133 2545 195 2586 rnae
206 2527 320 2605 grandis
332 2529 398 2604 fuit,
422 2538 540 2607 quantus
556 2533 603 2589 vin
617 2529 790 2605 Hannibalis,
810 2539 938 2607 tempore
951 2529 1051 2591 Punici

133 2611 214 2688 belli,
231 2629 267 2669 ne
282 2614 381 2670 iterum
393 2610 465 2672 Galli
477 2614 595 2673 Romam
606 2616 743 2673 venirent.
773 2613 851 2690 Ergo
863 2613 969 2672 illarius
982 2622 1052 2690 post

133 2695 280 2754 victoriam
295 2696 482 2772 Iugurthinam
494 2695 622 2756 secundo
642 2697 741 2757 consul
754 2706 798 2756 est
809 2697 913 2772 lactus,
927 2697 1050 2757 bellurn·

134 2796 190 2856 que
206 2779 233 2836 ei
247 2787 343 2838 contra
356 2778 485 2839 Cimbros
499 2790 528 2840 et
540 2780 683 2841 Teutonas
701 2781 844 2839 decretum
863 2791 915 2840 est.
950 2779 1051 2841 Tertio

134 2878 249 2939 quoque
267 2864 293 2920 ei
314 2870 343 2921 et
358 2872 457 2941 quarto
478 2863 587 2924 delatus
605 2875 649 2924 est
667 2865 845 2939 consulatus,
865 2867 929 2941 quia
941 2863 1050 2924 bellum

134 2943 303 3003 Cimbricum
318 2947 540 3023 protrahebatur.
571 2948 629 3008 Sed
641 2949 668 3007 in
681 2957 780 3026 quarto
794 2949 940 3007 consulatu
957 2947 1050 3008 colle·

132 3046 196 3106 gam
218 3028 313 3088 habuit
335 3028 370 3102 Q.
389 3028 526 3090 Lutatium
550 3030 686 3091 Catulum.
724 3030 793 3090 Cum
809 3032 928 3091 Cimbris
951 3033 1050 3110 itaque

133 3110 268 3186 conflixit,
282 3122 311 3172 et
322 3113 433 3173 duobus
444 3113 562 3191 proeliis
576 3137 611 3176 co
622 3115 697 3175 milia
709 3116 831 3175 hostium
844 3115 958 3191 cecidit,
973 3134 1050 3176 cxxx

132 3193 207 3253 milia
227 3197 304 3273 cepit
318 3206 347 3256 et
362 3196 462 3259 ducem
485 3215 581 3258 eorum
601 3199 814 3275 Teutobodunr,
830 3208 950 3277 propter
969 3200 1050 3278 quod

133 3279 260 3338 meritum
274 3280 377 3339 absens
391 3282 487 3358 quinto
501 3282 601 3341 consul
613 3292 657 3341 est
668 3283 768 3342 iactus.

197 3362 282 3423 Car.
303 3361 339 3423 ΙΙ.
359 3361 469 3425 Interea
485 3364 588 3425 Cimbri
606 3375 633 3425 et
645 3365 803 3445 Teutones,
825 3384 944 3445 quorum
961 3370 1049 3447 copia
