2266 3832
97 191 135 251 16
453 201 739 252 rnomrrrrous.

94 356 170 420 deni
192 377 233 419 ue
250 354 302 418 bis
313 351 447 418 floribus
458 361 583 416 vernat.
611 351 694 416 nihil
703 350 836 416 uberius
853 352 940 419 solo:
957 354 1036 421 ideo
1046 355 1101 420 Li·

64 438 165 503 4beri
207 440 371 523 ercrisque
382 444 546 501 certamen
555 435 684 499 dicitur.
701 433 784 498 nihil
794 435 989 521 hospitalius
999 441 1098 504 mari:

93 522 147 587 hic
157 522 207 586 illi
218 520 345 586 nobiles
356 529 469 604 portus
483 519 605 599 Caieta,
623 518 778 600 Misenus,
792 527 939 604 tepentes
950 519 1098 587 fontibus

67 607 210 685 aBaiae,
227 604 388 668 Lucrinus
406 613 438 667 et
456 605 624 682 Avernus,
669 601 807 666 uaedam
821 604 919 666 maris
936 604 1017 669 otia.
1045 605 1100 671 hic

94 689 190 752 amici
207 687 329 751 vitibus
340 686 616 769 montesGanrns,
663 684 801 766 alemus,
812 685 973 751 Massicus
985 696 1020 752 et
1029 688 1121 774 pul-5

95 771 273 834 cherrimus
300 771 443 836 omnium
468 770 646 849 Vesuvius,
673 769 813 832 Aetnaei
834 771 846 832 i
894 771 920 833 's
943 771 1098 837 imitator.

67 853 191 922 ourbcs
203 853 246 917 ad
257 874 346 916 mare
357 853 516 933 Formiae,
536 852 666 934 Cumae,
685 850 821 933 Puteoli,
871 852 1004 938 eapolis,
1015 853 1100 918 Her-

95 936 276 1017 culaneum,
293 935 437 1021 Pompei,
456 946 488 1000 et
507 938 579 1021 ipsa
595 944 692 1020 caput
706 933 836 998 urbium
854 934 903 999 Oa
924 956 977 1018 na,
998 957 1099 1036 quon-

67 1020 172 1084 adam
181 1021 267 1083 inter
277 1029 345 1082 tres
356 1021 515 1082 maximas
525 1027 703 1083 numerata.
732 1038 792 1105 pro
803 1017 914 1083 hacur
938 1041 965 1102 e,
982 1019 1036 1084 hrs
1049 1042 1098 1086 re·

94 1102 246 1187 gionibus
257 1101 394 1189 populus
407 1103 572 1168 Romanus
585 1101 746 1166 Samnitas
756 1102 892 1184 invadit,
908 1111 1042 1188 gentem
1069 1105 1097 1169 si
1107 1131 1129 1173 ro

94 1186 293 1272 opulentiam
300 1208 447 1273 quaeras,
459 1187 566 1250 aureis
578 1194 611 1249 ct
621 1186 784 1269 argenteis
795 1187 895 1249 armis
906 1152 1098 1254 etdiseodori

94 1279 186 1334 veste
199 1291 303 1357 usque
321 1271 364 1335 ad
375 1269 530 1334 ambitum
542 1277 704 1350 ornatam,
727 1269 755 1331 si
768 1267 942 1352 fallaciam,
960 1267 1098 1337 saltibus

94 1354 164 1418 fere
182 1363 214 1418 et
230 1357 386 1419 montium
405 1353 521 1418 fraude
538 1360 755 1437 grassantem3
773 1353 801 1416 si
817 1351 942 1418 rabiem
952 1374 992 1419 ae
1010 1354 1099 1419 furo-

94 1460 173 1518 rem,
186 1441 321 1502 sacratis
330 1436 457 1522 legibus
467 1436 680 1534 humanisque
690 1435 805 1499 hostiis
819 1437 853 1499 in
864 1436 1098 1503 exitiumnrbis

95 1522 271 1605 agitatam3
285 1523 314 1585 si
324 1522 545 1606 pertinaciam,
563 1540 670 1583 sexres
686 1528 780 1604 rupto
791 1518 923 1584 foedere
934 1519 1127 1593 cladibus-15

68 1619 159 1690 uque
177 1604 189 1666 i
213 1605 258 1666 sis
275 1606 511 1669 animosiorem.
541 1603 600 1667 hos
616 1612 726 1666 tamen
746 1603 982 1749 quinpuaginta
1002 1607 1098 1671 annis

94 1708 153 1772 per
195 1684 286 1750 abios
298 1707 337 1750 ae
349 1686 497 1772 Papirios
514 1695 622 1772 patres
641 1706 815 1772 corumque
842 1685 950 1751 iberos
967 1689 1014 1752 ita
1025 1688 1098 1754 sub

27 1848 29 1857 Ι
96 1771 164 1853 egit
181 1790 221 1832 ac
239 1770 372 1852 domuit,
388 1772 434 1834 ita
454 1773 565 1834 ruinas
576 1771 665 1855 ipsas
677 1768 805 1834 urbium
816 1769 929 1852 dimit,
947 1779 985 1836 ut
999 1771 1099 1838 hodie

96 1851 265 1917 Samnium
283 1856 318 1916 in
331 1855 402 1939 ipso
415 1852 546 1918 Samnio
562 1854 745 1951 requiratur
760 1874 822 1917 nec
832 1852 929 1917 facile
943 1864 1100 1941 appareat

68 1937 231 2000 amataria
244 1946 395 2023 quattuor
406 1947 438 2002 et
449 1939 566 2022 viginti
576 1935 819 2022 tmumphorum.
837 1938 978 2002 maxime
988 1949 1130 2009 tamense

96 2030 173 2084 nota
192 2029 224 2083 et
241 2021 387 2086 inlustris
411 2030 489 2108 aput
508 2019 673 2085 Caudinas
690 2019 833 2084 furculas
858 2041 900 2084 ex
922 2019 984 2084 hac
1001 2031 1099 2107 gente

51 2120 87 2172 10
97 2103 207 2168 clades
215 2105 350 2171 Vetmio
358 2105 588 2191 Postumioque
600 2102 785 2168 consulibus
796 2124 872 2168 acce
894 2112 994 2168 taest.
1007 2104 1098 2170 cluso

96 2210 155 2274 per
168 2189 305 2253 insidias
323 2191 411 2254 intra
425 2212 497 2254 cum
514 2189 632 2253 saltum
643 2189 797 2269 exercitu,
810 2210 856 2251 un
880 2208 974 2253 enon
987 2197 1099 2275 posset

99 2272 255 2353 evadere,
282 2282 415 2358 stupens
430 2282 521 2336 tanta
537 2274 706 2336 occasione
727 2272 795 2336 dux
810 2271 951 2336 hostium
960 2270 1098 2336 Pontius

96 2353 300 2419 Herennium
311 2365 436 2440 patrem
447 2355 616 2420 consuluit.
644 2363 675 2418 et
688 2353 754 2436 ille,
766 2357 907 2420 mitteret
918 2374 1029 2420 omnes
1042 2354 1096 2419 vel
1104 2379 1130 2420 rs

54 2443 84 2492 ll
98 2436 269 2519 occideret,
285 2441 446 2524 sapienter
459 2447 496 2502 ut
513 2440 621 2502 scnior
632 2447 792 2502 suaserat:
808 2439 861 2502 hic
872 2439 969 2504 armis
981 2447 1097 2503 exutos

94 2520 224 2583 mittere
242 2520 301 2585 sub
312 2522 424 2606 iugum
439 2521 562 2604 maiuit,
580 2531 616 2586 ut
632 2543 693 2585 nec
708 2523 804 2585 amici
814 2521 926 2587 ⁴forent
938 2519 1098 2588 beneficio

51 2613 84 2663 12
96 2610 127 2665 et
142 2613 216 2687 post
227 2603 386 2688 flagitium
397 2605 507 2669 hostes
518 2607 634 2690 magis.
653 2607 762 2692 itaque
778 2614 810 2669 et
825 2604 974 2671 consules
989 2607 1099 2670 statim

94 2687 267 2770 magnifice
279 2686 463 2752 voluntaria
473 2689 637 2754 deditione
653 2689 885 2774 turpitudinem
895 2689 1037 2754 foederis
1050 2687 1097 2754 di·

94 2770 224 2849 rimunt,
239 2780 270 2834 ct
281 2770 437 2852 ultionem
452 2772 603 2857 flagitans
619 2773 711 2837 miles
726 2772 857 2858 Papirio
874 2773 955 2837 duce
965 2811 1009 2821 —
1022 2771 1130 2842 hor-ao

93 2851 190 2915 ribile
204 2852 293 2918 dictu
305 2892 349 2903 —
367 2857 487 2919 strictis
500 2855 631 2920 ensibus
649 2878 707 2943 per
720 2858 824 2943 ipsam
833 2857 920 2920 viam
932 2863 1006 2920 ante
1017 2877 1097 2954 pug-

94 2955 170 2996 nam
182 2935 277 3018 furit3
294 2946 325 3000 et
341 2942 375 3002 in
393 2960 570 3023 congressu
583 2943 702 3004 arsisse
714 2941 856 3005 omnium
867 2939 977 3005 oculos
993 2938 1097 3004 hosus

94 3025 207 3081 auctor
219 3019 290 3083 fuit.
313 3042 374 3085 nec
391 3023 480 3106 prius
500 3021 573 3087 finis
591 3022 744 3089 caedibus
757 3024 860 3104 datus,
879 3045 975 3110 quam
985 3024 1098 3107 iugum

94 3108 126 3163 et
136 3099 285 3167 hostibus
295 3113 328 3168 et
339 3105 414 3169 duci
424 3115 517 3191 capto
528 3117 750 3193 reposuerunt.

107 3229 186 3295 XII.
209 3232 395 3298 BELLVM
411 3235 658 3386 ETRxffiVVth
670 3235 954 3304 ςΔΜῖ*ΤῙΤῙ(ἺᾸῙΜ
970 3237 1074 3305 GAL-
1103 3257 1130 3300 aa

178 3434 649 3514 Hesternacopularemur..-
708 3477 713 3482 -
750 3481 756 3490 .
871 3435 1096 3522 armantibus,
