2266 3832
453 211 656 300 1‚1[3—⁷]·
1044 217 1064 276 r

59 405 124 473 qne
135 380 346 465 elegantiam
364 380 482 529 quippe
493 380 550 466 qui
560 380 715 446 oriundus
729 380 886 448 Corintho
898 380 1061 446 Graecum

58 466 229 552 ingenium
239 461 363 527 Italicis
380 464 443 527 arti
465 484 504 527 us
515 464 707 528 miscuisset.
736 464 790 529 hic
809 474 840 530 et
851 473 981 530 senatus
995 479 1092 529 mss-2

57 552 209 617 iestatem
228 566 363 612 numero
391 546 573 645 ampliavit,
602 555 634 611 et
661 549 815 613 centuriis
842 548 947 613 tribus
969 551 1061 613 auxit

23 628 1088 800 .ffit⁸dtffittttl³tt.tltztmtttttttlt.

56 799 197 885 rogavit,
208 796 323 863 fierine
333 805 452 882 posset,
471 797 638 883 quodipse
656 808 763 864 mente
774 737 976 897 refrepare.
1002 798 1086 868 illes

56 905 129 949 rem
138 889 292 967 expertus
303 882 449 965 augurio,
467 902 563 966 posse
579 882 758 966 respondit.
781 890 827 947 ‘at
848 882 990 947 umhoo’
1012 884 1060 946 in·

57 968 130 1054 quit
147 965 318 1050 ‘agitaram
322 1011 332 1045 ,
360 972 465 1029 cotem
481 963 570 1027 illam
588 966 692 1029 secari
708 987 812 1031 novae
847 988 868 1030 a
884 973 1010 1052 posse3’
1028 974 1061 1029 et

56 1071 163 1136 augur
174 1055 294 1134 ‘potest
304 1055 395 1131 ergo'
407 1048 521 1133 inquit,
533 1056 565 1111 et
576 1050 688 1112 secuit.
713 1049 790 1114 inde
800 1051 955 1115 Romanis
968 1060 1088 1115 secero

22 1141 246 1219 inauguratis.
265 1152 370 1216 neque
379 1151 460 1216 pace
467 1129 663 1217 Tarquinius
676 1133 864 1218 quambello
892 1135 1059 1218 romptior.

56 1216 230 1283 duodecim
246 1234 322 1278 nam
344 1235 386 1279 ue
404 1213 544 1279 Tusciae
560 1215 696 1300 populos
718 1216 882 1303 frequenti
904 1239 943 1281 us
962 1218 1060 1280 armis

56 1300 138 1365 subs
163 1300 197 1364 't.
235 1297 312 1363 inde
323 1235 445 1380 lesnes,
461 1298 603 1380 trabeae,
622 1298 761 1380 curules,
780 1300 879 1383 anuli,
896 1299 1087 1386 phalerae,o

55 1384 135 1471 palu
210 1390 294 1463 enta,
311 1389 509 1467 praetextae,
526 1381 603 1446 inde
621 1382 708 1480 quod
728 1403 827 1448 aureo
845 1405 950 1466 curru,
990 1392 1059 1447 uat-

55 1479 132 1533 tuor
149 1468 241 1553 equis
257 1464 483 1550 triumphatur,
499 1474 596 1548 togae
612 1475 718 1550 protae
734 1468 926 1565 tunicaeque
937 1406 1058 1552 pdlma-

21 1560 120 1632 istas,
131 1551 240 1617 omnia
250 1548 390 1635 denique
400 1548 518 1613 decora
530 1557 562 1612 et
571 1549 723 1633 insignis,
744 1550 861 1636 quibus
872 1552 1001 1635 rmperii
1013 1550 1060 1614 di-

56 1635 164 1721 gnitas
175 1634 305 1712 eminet,
320 1640 447 1717 sumpta
458 1640 542 1697 sunt.

142 1716 276 1783 Servius
287 1714 414 1780 Tullius
426 1715 578 1801 deinceps
590 1716 811 1800 gubernacula
821 1717 911 1782 urbis
922 1718 1087 1799 invadit,6

55 1822 119 1867 nec
134 1800 314 1868 obscuritas
333 1797 475 1863 inhibuit
496 1801 642 1886 quamvis
664 1809 767 1865 matre
788 1822 884 1866 serva
904 1811 1058 1866 creatum.

56 1881 872 1971 nameximiamindolemuxorTarquiniiTanaquil
883 1884 1061 1949 liberaliter

22 1968 263 2050 ”educaverat
283 1975 315 2032 et
333 1965 457 2030 clarum
473 1966 542 2031 fore
560 1969 633 2030 visa
643 1968 730 2032 circa
741 1990 779 2032 oa
801 1977 838 2032 ut
847 1967 977 2032 flamma
987 1990 1060 2053 pro·

56 2054 201 2117 miserat.
229 2072 308 2135 ergo
325 2051 411 2114 inter
423 2049 592 2136 Tarquinii
609 2060 745 2115 mortem
762 2073 782 2114 a
829 2053 928 2115 'tente
945 2073 981 2116 re
1007 2054 1014 2066 '
1040 2061 1086 2114 aa

57 2133 413 2201 substitutusinlocum
422 2135 510 2231 regis
528 2135 621 2220 quasi
637 2135 817 2220 intempus,
836 2156 973 2219 regnum
1007 2135 1060 2199 olo

80 2228 187 2283 artum
198 2219 246 2283 sio
257 2217 324 2302 egit
334 2216 502 2299 industne,
519 2226 555 2281 ut
571 2219 640 2281 iure
658 2217 794 2303 adeptus
810 2218 986 2283 videretur.
1016 2218 1085 2284 aba

56 2242 121 2369 boc
141 2301 280 2388 populus
299 2300 464 2364 Romanus
486 2300 607 2364 relatus
628 2303 664 2364 in
686 2322 833 2383 censum,
856 2301 1002 2386 digestus
1026 2303 1062 2365 in

22 2386 191 2467 uolasses,
209 2385 349 2451 decuriis
366 2384 472 2470 adque
489 2384 636 2467 collegiis
654 2384 855 2466 distributus,
872 2406 1060 2471 summaque

56 2470 146 2555 regis
157 2468 303 2535 sollertia
319 2468 366 2531 ita
379 2476 428 2531 est
444 2467 593 2532 ordinata
603 2490 655 2532 res
673 2468 819 2554 publica,
837 2477 873 2533 ut
885 2470 993 2533 omnia
1004 2491 1060 2553 pa·

55 2552 211 2634 trimonii,
229 2551 407 2637 dignitatis,
423 2553 548 2633 aetatis,
564 2552 682 2616 artium
694 2552 938 2638 officiorumque
948 2553 1060 2617 discri-

55 2638 148 2703 mins
162 2637 199 2701 in
211 2635 340 2700 tabulas
351 2635 561 2715 referrentur,
580 2656 618 2699 ac
629 2636 676 2700 sic
686 2638 829 2700 maxima
840 2637 955 2700 civitas
966 2637 1061 2700 mini·

55 2740 131 2785 mse
141 2719 256 2785 domus
268 2718 438 2804 diligentia
447 2719 676 2783 contineretur.

22 2814 49 2857 ³⁰
140 2802 329 2869 Postremus
340 2803 402 2866 fuit
413 2805 556 2868 omnium
566 2824 680 2887 regum
694 2803 900 2889 Tarquinius,
919 2804 972 2867 oui
983 2802 1086 2888 cog-7

54 2908 177 2955 nomen
189 2884 336 2972 Superbo
353 2907 396 2950 ex
405 2883 549 2952 moribus
566 2886 686 2951 datum.
708 2886 762 2951 hic
779 2909 915 2972 regnum
926 2887 1087 2970 avitum,2

55 2970 180 3059 quoda
189 2967 305 3035 Servio
314 2970 494 3052 tenebatur,
509 2992 624 3054 rapere
641 2970 755 3034 maluit
771 2993 867 3057 quam
878 2980 1059 3056 expectare,

55 3055 230 3141 missisque
243 3055 280 3117 in
293 3073 367 3116 eum
381 3053 625 3152 percussoribus
643 3054 766 3119 scelere
782 3064 909 3139 partam
918 3063 1059 3140 potesta-

22 3188 28 3199 .
55 3148 203 3205 temnon
212 3136 328 3201 melius
340 3146 407 3220 egit
424 3138 762 3224 quamadquisiverat.
789 3138 1086 3205 necabhorrebat3

24 3220 206 3291 umoribus
223 3240 308 3285 uxor
324 3219 441 3303 tullia,
464 3244 561 3309 quae,
583 3230 619 3286 ut
640 3223 746 3285 virum
767 3244 879 3308 regem
894 3222 1058 3302 salutaret,

58 3326 159 3393 supra
187 3312 358 3369 cruentum
384 3315 511 3388 patrem
536 3314 631 3370 vecta
657 3315 809 3390 carpento
835 3312 1058 3371 consternatos

57 3410 160 3477 equos
176 3389 298 3475 exegit.
326 3394 377 3452 set
392 3388 463 3488 ipse
478 3392 514 3454 in
530 3399 678 3454 senatum
696 3389 860 3471 caedibus,
878 3392 913 3454 in
928 3387 1085 3474 plebemt

57 3468 262 3555 verberibus,
276 3472 313 3537 in
326 3492 430 3539 omnis
447 3472 608 3561 superbia,
626 3493 709 3559 quae
725 3473 915 3539 crudelitate
925 3473 1059 3558 gravior
