2266 3832
104 199 145 259 70
457 206 741 259 snournrrrous.

77 362 210 431 esocios
226 361 261 423 in
278 380 368 423 arma
390 367 422 424 at
442 380 529 445 expu
596 360 716 424 tionem
730 358 823 423 urbis
841 360 1006 427 accendit.
1054 362 1109 429 uid

101 445 163 510 hac
185 444 277 508 clade
297 441 445 507 tristius?
474 443 529 528 qui
571 442 815 509 calamitosius?
841 464 1034 511 cumcuma

102 531 184 594 tium
201 536 298 612 atque
321 525 493 608 Picenum,
513 525 647 590 Etmria
668 527 771 593 omnis
793 534 893 612 atque
918 526 1107 615 Campania,

127 621 265 677 ostremo
288 609 385 673 Italia
406 619 520 674 contra
539 618 675 674 matrem
697 630 789 674 suam
810 630 850 674 ac
869 620 1043 708 parentem
1059 634 1108 677 ur

75 635 178 768 obem
196 701 422 777 consurgeret,
440 715 514 758 cum
529 714 623 758 omne
643 692 743 758 robur
760 691 1018 761 fortissimorum
1033 694 1132 761 fides

102 778 366 874 lissimorumquc
393 778 554 843 sociorum
576 776 637 841 sub
665 777 732 841 suis
762 777 900 863 quisque
926 780 955 841 s'
1007 779 1036 845 ’s
1056 778 1109 843 ha·

101 860 217 925 berent
239 859 448 944 mumcipalia
473 859 531 924 illa
550 859 714 944 prodigia,
743 858 943 945 Pompedius
1048 883 1107 943 sos,

102 947 123 1021 †
159 952 191 1008 et
221 943 356 1007 Latinos
389 944 562 1025 Afrienus,
597 943 739 1009 Vmbros
770 941 913 1026 Plotius,
947 944 1108 1031 Egnatius

77 1027 277 1109 slltruscos,
301 1025 468 1091 Samnium
489 1026 732 1112 Lucaniamque
752 1024 942 1111 Telesinus3
965 1049 1043 1093 cum
1062 1050 1108 1093 re

101 1133 181 1196 gum
205 1119 238 1175 et
259 1111 405 1195 gentium
425 1110 548 1175 arbiter
563 1110 701 1197 populus
718 1112 826 1196 ipsum
847 1131 883 1174 se
904 1132 1024 1209 regare
1045 1130 1131 1176 nont

101 1203 226 1279 posset,
252 1203 285 1258 et
306 1194 426 1258 victrix
446 1196 547 1259 Asiae
570 1203 602 1258 et
622 1193 774 1278 Europae
796 1214 817 1257 a
839 1192 984 1259 Corfinio
1006 1194 1109 1261 Roma

103 1278 321 1363 adpeterctur.

75 1383 92 1434 8
187 1361 335 1428 Primum
366 1361 429 1425 fuit
454 1360 534 1425 belli
561 1361 596 1426 in
621 1360 751 1426 Albano
784 1369 896 1427 monte
926 1362 1108 1444 concilim,

102 1454 139 1510 ut
159 1447 245 1511 festo
268 1447 321 1509 dic
343 1445 533 1509 Latinarum
555 1444 658 1510 Iulius
680 1443 803 1509 Caesar
823 1453 856 1509 et
871 1444 1018 1511 Marcius
1035 1445 1110 1511 Phi·

76 1529 213 1615 slippus
232 1529 381 1595 consules
401 1530 486 1591 inter
501 1549 593 1596 sacra
611 1536 643 1591 et
661 1549 735 1592 aras
751 1527 1007 1593 immolarentur.
1047 1538 1127 1595 ost-1

103 1634 200 1698 quam
222 1612 256 1675 id
277 1612 370 1675 nefas
386 1611 570 1696 proditione
595 1611 777 1676 discussum
798 1619 863 1692 est,
881 1611 1006 1678 Asculo
1076 1632 1111 1678 or

102 1696 206 1760 omnis
245 1695 365 1779 erupit,
398 1695 434 1757 in
470 1696 543 1780 ipsa
582 1695 714 1780 quidem
742 1694 893 1760 ludorum
924 1694 1112 1782 frequentia

100 1776 272 1842 trucidatis
295 1778 351 1862 qui
374 1785 452 1841 tunc
473 1778 610 1842 aderant
629 1776 671 1842 ab
690 1778 771 1843 urbe
797 1777 925 1863 legatis.
962 1777 1028 1845 hoc
1050 1779 1112 1845 fuit

58 1862 183 1946 10inpii
215 1860 295 1925 belli
328 1869 576 1927 sacramentum.
608 1862 686 1926 inde
712 1863 778 1926 iam
826 1862 926 1927 assim
956 1861 999 1927 ab
1023 1864 1112 1929 omni

99 1953 193 2031 parte
218 1942 334 2010 Italiae
358 1943 440 2010 duce
468 1953 500 2009 et
521 1952 660 2012 auctore·
679 1944 760 2010 belli
822 1953 991 2012 scursante
1016 1945 1110 2013 Pom·

99 2028 198 2114 pedio
231 2028 363 2093 diversa
394 2051 453 2114 per
483 2029 620 2115 populos
649 2038 681 2093 et
705 2028 802 2093 urbes
828 2030 923 2115 signa
946 2030 1110 2095 cecinere.

58 2127 88 2176 11
102 2134 164 2176 nec
196 2112 370 2177 Annibalis
402 2135 463 2178 nec
498 2112 617 2200 Pyrrhi
643 2112 705 2176 fuit
730 2120 821 2176 tanta
849 2114 1001 2178 vastatio.
1036 2135 1111 2180 ecce

103 2196 307 2278 Ocriculum,
336 2219 411 2263 ecce
447 2197 675 2277 Grumentum,
712 2217 787 2261 ecce
819 2195 998 2278 Faesulae,
1036 2218 1111 2263 ecce

104 2279 253 2346 Carseoli
259 2330 268 2362 ,
286 2282 446 2345 Aesernia
452 2329 461 2363 ,
480 2281 636 2361 Nuceria,
658 2280 806 2346 Picentia
825 2282 955 2366 penitus
973 2279 1111 2347 ferrost

59 2365 179 2447 migne
205 2373 384 2428 vastantur.
408 2365 501 2429 fusae
523 2364 627 2428 Rutili
656 2365 782 2450 copiae,
805 2362 899 2428 fusae
921 2363 1108 2451 Caepionis.

100 2467 175 2509 nam
198 2447 270 2530 ipse
288 2447 392 2511 lulius
415 2447 537 2512 Caesar
556 2449 701 2512 exercitu
717 2449 836 2513 amisso
855 2469 928 2512 cum
943 2448 980 2512 in
994 2447 1111 2513 urbem

100 2536 252 2592 cruentus
277 2529 455 2594 referretur
477 2528 657 2594 miserabili
677 2531 807 2613 funere,
840 2531 949 2596 media
965 2531 1001 2595 in
1024 2530 1109 2596 urbe

57 2630 89 2682 13
98 2633 157 2696 per
171 2613 259 2675 viam
272 2612 401 2677 defecit.
425 2614 483 2677 sed
499 2636 620 2700 magna
634 2615 747 2713 populi
761 2615 901 2681 Romani
916 2615 1064 2697 fortuna,
1079 2624 1110 2679 et

100 2716 228 2779 semper
249 2696 283 2758 in
310 2695 404 2760 malis
435 2699 552 2779 maior,
584 2706 660 2762 totrs
688 2699 793 2764 denuo
823 2698 951 2763 viribus
974 2710 1108 2765 consur·

99 2780 201 2860 rexit3
247 2779 458 2866 adgressique
492 2781 639 2865 singulos
672 2782 810 2896 populos
850 2781 932 2848 Oato
973 2782 1123 2848 discutit

99 2861 273 2944 Etruscos,
307 2863 467 2929 Gabinius
497 2865 640 2947 Marsos,
670 2866 777 2933 barbo
808 2866 977 2948 Lucanos,
1017 2864 1108 2931 Sulla

58 2961 90 3011 14
101 2944 279 3029 Samnites3
309 2947 483 3033 Pompeius
504 2971 582 3015 vero
609 2947 725 3015 Strabo
752 2951 860 3016 omnia
880 2948 1021 3014 flammis
1043 2949 1107 3013 fer·

99 3051 198 3115 roque
223 3030 394 3114 populatus
416 3053 482 3097 non
502 3035 592 3117 prius
610 3032 708 3098 finem
730 3033 878 3099 caedium
901 3033 989 3115 fecit,
1011 3054 1108 3120 quam

98 3111 214 3176 Asculi
244 3114 413 3178 eversione
440 3115 589 3181 manibus
615 3126 664 3182 tot
694 3118 910 3199 exercituum,
935 3115 1108 3182 consulum

99 3197 362 3283 direptarumque
383 3198 514 3263 urbium
537 3200 587 3264 dis
608 3201 766 3266 litaretur.
1115 3223 1133 3264 s
