2266 3832
418 215 557 269 ttub‘tt
584 217 611 269 ll.
930 213 970 275 13

55 378 146 451 cium,
170 376 212 434 sic
224 374 374 435 admiratus
386 386 447 443 est,
470 387 500 435 ut
516 398 578 438 cum
596 397 659 436 eum
672 394 827 455 pauperem
841 398 908 438 esse
920 398 969 438 co·

54 461 219 539 gnorisset,
244 469 340 537 quarta
359 471 437 538 parte
454 466 534 537 regni
548 464 686 539 promissa
704 461 859 522 sollicitare
869 464 968 522 voluc-

54 546 101 619 rit,
115 551 144 602 ut
157 543 191 601 ad
203 562 235 601 se
242 545 383 620 transiret,
392 554 628 624 contemptusque
639 544 794 604 aFabricic
803 557 855 606 est.
875 546 970 619 Quare

55 645 120 687 cum
137 625 259 702 Pyrrhus
278 629 388 703 ingenti
404 628 593 688 Romanorum
614 629 796 687 admiratione
814 639 967 705 teneretur,

54 710 179 788 legatum
196 712 285 786 misit,
308 713 355 788 qui
375 729 475 789 pacem
495 716 594 791 aequis
615 712 828 771 condicionibus
847 723 967 790 peteret,

55 797 239 872 praecipuum
252 793 351 866 nrum,
366 794 482 854 Cineam
497 800 620 871 nomine,
637 798 674 854 ita
687 805 715 854 ut
726 795 848 870 Pyrrhus
862 806 969 874 partem

54 877 164 954 ltaliae,
177 896 260 956 quarn
275 879 327 937 iam
344 881 429 938 armis
441 889 642 958 occupaverat,
656 881 804 939 obtineret.

119 960 295 1024 Canxlll.
318 961 375 1021 Pax
391 962 536 1040 displicuit
554 962 801 1040 remandatumque
821 962 929 1039 Pyrrho
952 983 967 1022 a

56 1055 154 1105 senatu
167 1054 225 1118 est,
249 1063 313 1104 eum
331 1064 393 1104 cum
404 1046 555 1122 Romanis,
575 1049 629 1107 nisi
645 1065 681 1105 ex
693 1046 771 1106 ltalia
783 1049 965 1117 recessisset,

55 1146 156 1208 pacem
167 1130 272 1188 habere
283 1146 339 1188 non
350 1148 448 1207 posse.
475 1130 544 1190 Tum
554 1130 672 1189 llomaui
684 1133 826 1189 iusserunt
838 1133 966 1208 captivos

56 1229 171 1288 omnes,
195 1230 268 1291 quos
285 1212 407 1288 Pyrrhus
420 1213 595 1290 reddiderat,
615 1213 734 1275 infames
752 1216 866 1290 haberi,
891 1214 967 1292 quod

56 1299 152 1358 armati
165 1298 228 1374 capi
239 1299 408 1374 potuissent,
422 1315 476 1356 nec
487 1307 551 1357 ante
563 1315 614 1356 eos
624 1296 659 1355 ad
669 1307 796 1356 veterem
808 1308 907 1356 statum
923 1317 967 1356 re·

55 1382 139 1455 verti,
157 1382 274 1459 quamsi
287 1381 415 1440 binorum
428 1381 550 1440 hostium
565 1383 726 1439 occisorum
744 1381 836 1458 spolia
855 1382 966 1444 retulis-

57 1473 128 1524 sent.
152 1462 192 1524 lta
203 1465 314 1542 legatus
329 1464 426 1540 Pyrrhi
438 1483 572 1524 reversus
591 1473 644 1526 est.
667 1463 760 1543 hquo
774 1484 835 1523 cum
849 1483 966 1542 quaere·

55 1556 99 1608 ret
111 1547 244 1625 Pyrrhus,
262 1551 383 1626 qualem
397 1549 525 1609 Romam
539 1551 745 1626 comperies-ct,
768 1548 871 1607 Cineas
884 1549 964 1622 dixit,

56 1651 163 1710 repam
178 1653 211 1693 se
221 1635 358 1710 patriam
373 1634 510 1700 vidisse;
532 1635 650 1693 scilicet
662 1634 739 1692 tales
749 1634 813 1692 illic
822 1633 890 1710 fere
903 1652 964 1693 orn-

55 1735 120 1792 aca,
139 1717 241 1793 qaalis
261 1737 340 1777 anus
362 1715 500 1796 Pyrrhae
517 1718 604 1793 apud
623 1714 749 1793 Epirum
768 1727 797 1776 et
819 1718 967 1792 reliquam

56 1799 220 1860 Graeciam
229 1809 402 1877 putaretur.
426 1801 463 1874 (V
465 1798 534 1876 lll.)
548 1798 628 1858 Missi
644 1809 708 1859 sunt
725 1808 822 1857 contra
834 1798 966 1873 Pyrrhum
979 1818 1034 1859 au.

56 1883 144 1942 duces
163 1882 194 1944 P.
211 1883 353 1959 Sulpicius
373 1893 401 1942 et
417 1884 525 1942 Decius
537 1883 617 1956 llus,
637 1882 779 1957 consules.
793 1880 964 1942 Certamine
976 1886 1022 1927 ⁴⁷³·

57 1969 210 2025 commisso
220 1964 342 2040 Pyrrhus
358 1966 520 2025 vulneratus
533 1975 588 2041 est,
601 1966 743 2042 elephanti
758 1966 910 2034 interiecti,
928 1984 966 2025 xx

57 2049 131 2107 milia
149 2067 232 2107 caesa
244 2048 375 2122 hostium,
396 2058 424 2106 et
437 2067 472 2106 ex
482 2050 615 2108 Romanis
630 2059 734 2108 tautum
747 2053 870 2127 quinque
881 2049 965 2110 milia.

56 2130 178 2206 Pyrrhus
189 2129 338 2189 Tarentum
352 2131 473 2207 fugatus.

120 2214 203 2274 Car.
214 2212 289 2275 XIV.
314 2213 465 2274 Interiectu
478 2231 550 2274 anno
562 2222 659 2272 ccntra
670 2212 804 2289 Pyrrhum
817 2214 963 2274 Fabricius
977 2230 1032 2272 aa.

56 2307 100 2358 est
111 2301 231 2374 missus,
251 2301 298 2377 qui
311 2301 388 2376 prius
401 2301 473 2357 inter
483 2297 594 2375 legatos
607 2297 753 2357 sollicitari
768 2315 824 2357 non
838 2308 966 2377 potuerat
978 2300 1023 2340 ⁴⁷⁴·

56 2393 153 2461 quarta
164 2393 243 2460 parte
259 2385 339 2461 regni
352 2385 499 2461 promissa.
522 2381 602 2456 Tum,
621 2400 682 2440 cum
694 2384 786 2442 vicina
799 2392 888 2442 castra
904 2386 966 2461 ipse

51 2462 84 2526 ‘et
94 2485 144 2526 rex
159 2468 309 2543 haberent,
330 2466 457 2526 medicus
467 2465 563 2542 Pyrrhi
575 2465 611 2524 ad
622 2485 686 2525 cum
697 2476 781 2525 nocte
793 2469 879 2541 veuit,
901 2484 965 2544 pro·

55 2552 166 2611 mittens
178 2569 211 2610 se
222 2568 333 2609 veneno
345 2549 479 2625 Pyrrhum
496 2552 666 2620 occisurum,
685 2553 709 2609 si
723 2552 775 2609 sibi
788 2549 891 2628 aliquid
905 2549 965 2626 pol·

55 2633 203 2706 liceretur,
227 2653 310 2712 quem
324 2634 469 2694 Fabricius
487 2635 609 2693 vinctum
626 2635 723 2693 reduci
735 2636 817 2693 iussit
828 2634 862 2693 ad
878 2633 965 2692 domi·

55 2734 120 2774 num
133 2716 296 2795 Pyrrhoque
308 2717 375 2783 dici,
397 2737 470 2795 quae
482 2727 578 2777 contra
591 2727 675 2795 caput
687 2721 748 2776 eius
761 2717 886 2776 medicus
899 2734 966 2794 spo·

56 2797 218 2875 pandisset.
252 2799 329 2860 Tunc
346 2821 397 2862 rex
413 2802 563 2860 admiratus
582 2820 645 2860 eum
658 2801 764 2860 diuisae
778 2801 880 2863 fertur:
911 2800 967 2861 ltte

57 2891 102 2942 est
112 2879 293 2958 Fabricius,
315 2887 367 2963 qai
379 2886 537 2963 difficilius
547 2886 587 2944 ab
603 2887 767 2955 horrestatc,
787 2902 878 2962 quam
889 2889 934 2946 sol
946 2904 966 2944 a

57 2985 151 3026 auersa
162 2985 217 3026 sao
228 2970 326 3027 averti
340 2979 446 3045 potest.
478 2967 547 3026 Tum
564 2987 615 3028 rex
631 2968 666 3027 ad
678 2968 801 3026 Siciliam
819 2969 966 3044 proiectus
978 2972 1026 3012 Ml

56 3057 110 3109 est.
145 3049 290 3108 Fabricius
307 3052 391 3110 victis
407 3052 577 3111 Samnitibus
596 3062 624 3111 ct
640 3051 758 3110 Lucanis
776 3054 963 3129 triumphavit.
976 3040 1022 3081 ⁴¹⁵·

57 3131 199 3192 Consules
218 3132 319 3192 deinde
340 3133 441 3194 Curius
463 3136 600 3194 Dentatus
619 3145 647 3194 et
665 3135 814 3194 Cornelius
834 3134 966 3195 Lentulus
979 3108 1023 3150 Μ’

55 3216 191 3276 adversus
212 3216 345 3292 Pyrrhum
363 3222 440 3277 missi
459 3229 532 3278 sunt.
561 3218 662 3277 Curius
676 3229 772 3277 contra
785 3238 846 3277 eum
860 3237 965 3297 pugna·

54 3302 105 3376 vlt,
128 3303 282 3361 exercitum
299 3304 361 3361 cius
373 3303 486 3377 cecidit,
507 3306 597 3379 ipsum
611 3302 757 3361 Tarentum
776 3304 897 3380 fugavit,
920 3321 965 3361 ca·

55 3394 113 3444 stra
131 3388 218 3461 cepit.
248 3384 289 3444 Ea
306 3386 352 3444 die
372 3403 456 3445 caesa
477 3388 598 3445 hostium
617 3405 686 3445 nuru
699 3386 783 3444 milia.
820 3386 920 3445 Curius
938 3388 965 3445 in
