2266 3832
446 250 653 297 ΡΙΙἉΕΕΑΤΙΟ.
1078 252 1099 297 V

10 400 121 460 reran13
144 395 179 446 el.
198 409 226 462 p.
245 395 322 458 98,7
340 409 405 446 nom
422 393 597 463 pulchritudo
611 393 690 464 infru
709 393 869 463 pudicitiam
885 394 1024 464 principis
1035 393 1099 464 fult.

10 506 46 517 —
61 481 92 545 7,
107 480 139 534 16
153 478 250 530 eminet
260 481 369 546 sumptu
383 483 448 530 sunt
458 477 482 529 l:
506 479 603 530 eminet
614 477 761 546 adsumpto
772 481 837 531 sunt
851 476 873 532 0
893 476 1048 531 secundum
1065 478 1098 543 B,

10 562 51 631 pri
67 559 150 614 habet
162 561 257 614 eminet
272 567 414 629 eosumpto
429 567 507 621 suut,·
526 560 578 614 sed
594 577 693 614 vereor
709 576 743 613 ne
759 574 793 614 eo
808 558 876 614 nihil
890 562 926 614 sit
943 561 997 614 nisi
1010 576 1101 630 prava

10 644 132 713 repetitio
154 643 280 713 syllabae
303 643 503 698 antecedentis.
525 663 567 682 -e-
591 648 623 710 8,
638 649 655 701 2
671 643 744 697 Latii
763 646 823 712 (vel
838 642 915 711 Lati)
937 643 1040 714 oppido
1058 643 1098 697 H:

10 727 83 782 lotio
98 726 199 795 oppido
214 727 240 794 Ι,
261 727 363 796 oppido
377 725 454 781 Lotio
471 727 509 793 B,
532 728 634 796 oppido
651 730 679 781 in
699 727 777 781 Latio
798 728 823 781 N
831 742 838 794 ;
863 727 966 797 oppido
982 727 1056 781 Lotii
1077 725 1098 782 0

10 826 68 864 eum
84 809 212 879 Nauplio,
250 810 339 864 Etiam
359 826 387 880 p.
401 815 445 876 83,
460 815 509 875 35,
525 810 571 864 ubi
590 826 606 863 a
624 811 770 864 Boostello
789 813 883 877 abest,
905 811 960 864 clio
978 809 1100 865 Trossu-

10 895 58 946 tioe
70 895 182 946 castello
204 893 388 948 scribendum.
401 893 521 947 videtur.
539 923 581 931 —-
597 898 630 959 8,
646 900 678 951 11
698 895 770 947 miro
789 909 835 949 res
850 895 950 949 dicitur
964 895 1100 950 extitisse.-

10 977 128 1030 restitere
143 975 193 1029 ΒΙ;
224 978 296 1030 miro
310 991 357 1031 res
372 977 462 1032 dictu!
472 979 597 1030 restitere
608 976 666 1031 ΝΟ,
705 976 779 1031 Nihil
792 994 895 1032 causae
906 977 1036 1044 videtur,
1050 993 1100 1032 eur

10 1060 85 1113 lectio
104 1058 222 1130 insignis
239 1060 267 1112 in
278 1059 313 1114 BI
333 1077 382 1130 pro
398 1060 568 1131 glossemate
580 1057 725 1115 habeatur.
742 1089 784 1101 —-
810 1066 882 1129 8,15
902 1067 986 1131 copul
999 1067 1040 1115 est
1052 1075 1098 1113 re-

10 1148 112 1210 portum
128 1143 175 1212 lep
197 1170 241 1182 -
270 1147 303 1209 8,
323 1147 356 1201 18
370 1143 456 1198 donec
470 1143 567 1197 oberat
579 1143 659 1199 libido
680 1143 773 1214 IhpN:
806 1145 892 1199 donec
905 1145 1006 1198 oderat
1019 1145 1098 1198 iilrido

10 1225 92 1280 BleO.
126 1226 284 1280 Lectionem
307 1242 324 1280 a
346 1243 391 1280 me
417 1225 561 1280 reductam
585 1227 704 1281 tamdiu
731 1228 805 1298 quod
824 1229 970 1298 praeeedit
988 1227 1097 1281 videtur

10 1309 144 1379 flagitare.
163 1337 205 1348 -
221 1313 251 1377 9,
275 1312 307 1366 13
319 1315 348 1362 ut
364 1311 505 1364 consulere
517 1309 617 1364 ciuilius
631 1312 688 1365 sicis
701 1325 732 1365 se
746 1311 843 1365 debere
861 1313 1044 1365 meminissent
1059 1311 1079 1364 Η
1091 1325 1097 1364 ;

10 1407 36 1446 se
49 1408 103 1444 om.
116 1391 166 1458 ΒΙ;
199 1398 262 1460 post
279 1392 420 1446 consulere
440 1399 482 1447 est
501 1393 527 1445 in
546 1392 604 1447 ΝΟ.
628 1423 670 1431 -
693 1398 740 1461 10,
756 1398 773 1451 9
789 1395 839 1448 itlo
851 1394 972 1450 Romani
983 1396 1100 1448 nominis

10 1474 146 1544 prodipio:
158 1475 205 1528 illo
219 1476 248 1528 in
263 1475 299 1529 ll.
311 1491 339 1528 u.
349 1476 478 1547 prodipio
493 1476 531 1542 B,
545 1476 619 1530 unde
633 1475 670 1532 0:
690 1478 737 1531 illu
749 1480 780 1532 ni
790 1476 826 1532 R.
838 1495 865 1531 n.
878 1478 962 1547 prod.
969 1500 979 1538 ;
992 1478 1039 1531 illo
1050 1492 1098 1532 ro-

10 1574 90 1610 mono
105 1558 234 1629 prodipiu
253 1559 285 1613 N.
325 1558 386 1613 Non
409 1576 469 1614 sum
492 1576 577 1614 ausus
601 1561 777 1631 ingeniosam
799 1560 887 1614 Iahnii
909 1562 1099 1615 coniecturam

10 1643 150 1711 recipere;
165 1658 229 1696 nam
241 1650 268 1696 et
278 1644 308 1696 ui
321 1644 417 1698 nescio
430 1642 496 1713 quid
508 1644 627 1713 quaesiti
638 1642 730 1710 habet,
743 1650 768 1696 el
780 1650 871 1714 potest
883 1646 910 1698 in
924 1645 969 1698 illo
981 1646 1008 1698 in
1021 1643 1097 1698 aliud

10 1728 109 1794 latere,
129 1727 220 1784 velut:
236 1727 285 1783 illa
296 1727 417 1782 inmunia
430 1726 585 1782 Romamn.
596 1728 735 1798 prodioio.
748 1758 788 1766 —
800 1735 842 1795 11,
854 1733 871 1785 2
881 1728 983 1798 proelii
992 1728 1050 1798 fnit
1060 1727 1097 1780 ss:

10 1811 60 1865 luit
69 1813 171 1881 proelii
181 1810 239 1867 ΝΟ.
256 1840 298 1850 -
314 1819 355 1880 11,
365 1817 399 1870 26
409 1810 510 1865 Manili
523 1809 585 1866 BO:
609 1812 704 1865 muntii
713 1811 734 1878 Ι,
746 1813 836 1866 marci
843 1813 946 1865 mamili
955 1811 996 1878 N;
1013 1811 1098 1864 immo

10 1893 123 1949 Minucii
127 1918 137 1959 ;
155 1913 183 1950 v.
196 1895 256 1950 Liv.
272 1895 320 1963 ΙΙΙ,
335 1901 369 1953 25
386 1911 446 1963 sqq.
465 1924 506 1933 -
523 1900 571 1963 11,
587 1899 622 1951 30
636 1895 773 1964 pecudum
785 1910 860 1950 more
870 1895 899 1948 le
912 1927 953 1935 —
967 1900 1014 1961 12,
1028 1897 1045 1949 4
1059 1895 1100 1948 sic

10 1977 140 2032 scelerato
154 1980 262 2047 siqnoto
273 1981 380 2032 nomine
395 1979 432 2030 H:
445 1981 466 2031 it
475 1977 538 2031 scel.
551 1979 641 2048 sipont
651 1980 757 2031 nomine
769 1978 800 2043 B,
817 1984 843 2032 et
852 1978 916 2032 scel.
929 1981 1037 2048 sipuoto
1049 1992 1099 2031 no-

10 2063 80 2113 mine
95 2060 135 2130 N,
151 2059 181 2113 id
189 2061 254 2114 secl.
265 2063 356 2131 sipont
366 2063 472 2129 nomine
484 2061 516 2115 0.
527 2087 570 2098 -
593 2065 639 2125 12,
652 2064 670 2115 8
684 2066 780 2130 sponte
790 2075 820 2114 se
831 2061 995 2114 dediderunt
1009 2061 1045 2114 B:
1069 2074 1100 2114 se

10 2148 103 2212 sponte
118 2142 279 2197 dediterunt
289 2142 347 2197 ΝΟ.
358 2171 400 2181 —-
421 2147 492 2213 12,9
508 2144 618 2211 scripsit
630 2141 758 2196 Iahnius:
777 2143 895 2196 ‘Falisci
913 2160 973 2196 cum
993 2143 1098 2197 obside-

10 2230 120 2294 rentur,
141 2228 213 2279 miro
232 2228 271 2280 eis
291 2227 349 2281 uiso
376 2227 430 2293 (est
447 2227 505 2281 viso
520 2226 557 2292 B,
580 2227 637 2280 oiso
652 2233 693 2279 est
704 2227 740 2292 N)
757 2226 826 2296 fides
840 2227 1032 2296 imperatoris,
1049 2240 1100 2280 nec

10 2310 147 2377 inmerito,
163 2309 237 2381 quod
247 2309 305 2363 ludi
318 2312 476 2380 mouistrum
494 2339 529 2347 —
549 2339 583 2346 —
602 2309 654 2362 sliri
667 2311 737 2363 ultro
752 2309 915 2364 remisisset'
924 2335 931 2363 .·
949 2326 1012 2363 eum
1026 2314 1099 2363 reete

10 2393 193 2448 intellexisset
204 2393 284 2448 Floro
300 2393 449 2448 dicendum
462 2393 548 2448 luisse
562 2409 615 2445 non
629 2393 699 2458 aliis,
716 2392 767 2446 sed
779 2394 895 2448 Faliscis
906 2393 991 2447 fidem
1002 2393 1099 2446 miram

10 2477 101 2531 visam
112 2492 191 2542 esse,
211 2484 239 2530 ut
258 2485 372 2547 apparet
389 2494 424 2530 ex
435 2479 529 2531 verbis
547 2476 619 2548 quod
630 2477 785 2531 --sibi
794 2478 950 2532 remisisset.
983 2477 1043 2546 Ego
1061 2483 1100 2528 ta-

10 2576 74 2613 men
92 2560 177 2614 malui
192 2562 230 2614 eis
248 2567 309 2615 unte
323 2568 363 2616 est
378 2559 482 2616 addere
502 2576 583 2631 quam
600 2560 640 2614 sie
658 2577 692 2613 ex
703 2566 744 2614 est
763 2561 917 2616 immutare.
939 2588 981 2598 —
1004 2562 1098 2625 12,19

10 2650 65 2699 tum
75 2644 211 2713 primum.-
231 2650 294 2699 tunc
304 2647 425 2715 primum
438 2645 476 2712 N,
495 2649 550 2699 tum
564 2645 655 2714 primo
667 2644 724 2699 ΒΟ.
766 2644 833 2699 Cum
850 2660 987 2716 persaepe
1009 2639 1030 2698 ιῖ
1047 2649 1100 2696 eto

10 2728 67 2782 inB
83 2729 200 2782 contusa
213 2729 275 2794 sint,
293 2745 364 2782 ame
376 2730 523 2798 impetrare
536 2744 591 2781 nou
604 2729 680 2798 potui
698 2733 725 2782 ut
734 2731 825 2798 primo
840 2735 936 2784 eontra
948 2744 1028 2782 usum
1042 2742 1092 2780 ser·

10 2812 101 2866 monis
117 2812 204 2866 Latini
219 2813 383 2882 reciperem.
411 2814 504 2883 primo
524 2827 575 2881 pro
587 2813 710 2880 primum
728 2813 748 2866 B
766 2812 1096 2881 etiamhabetp.70,13,

10 2897 55 2960 75,
67 2898 110 2960 31,
128 2900 154 2948 et
166 2897 188 2949 N
202 2913 229 2965 p.
242 2900 289 2964 34,
301 2899 344 2953 23.
364 2925 405 2934 -
419 2897 503 2950 Paulo
517 2901 580 2965 post
593 2891 635 2967 (v.
648 2898 695 2962 21)
711 2897 812 2965 scripsi
832 2911 894 2949 eum
906 2895 1017 2948 Iahnio:
1036 2893 1090 2947 ‘ud

10 2983 89 3033 octus
103 2979 178 3033 mila
191 2994 244 3033 suo
257 2986 352 3050 sponte
365 2982 425 3033 iure
439 2978 557 3034 iurando
571 2993 605 3033 ne
620 2980 674 3033 nisi
687 2986 769 3050 copto
783 2979 849 3033 torte
864 2984 1009 3032 remearet.
1035 2993 1082 3047 spo

10 3065 48 3118 lia
64 3061 98 3116 de
108 3062 193 3116 Larte
210 3062 348 3118 Tolumnio
363 3077 427 3133 repe
443 3062 561 3131 (excidit
571 3077 635 3134 repe
650 3063 677 3116 in
691 3063 778 3117 Iahnii
792 3063 873 3128 edit.)
892 3063 931 3116 od
945 3063 1090 3115 Feretrium

10 3145 147 3216 triumpho
164 3145 326 3216 reportato!
350 3145 407 3202 Sed
422 3147 516 3201 euu1B
530 3148 570 3201 sic
582 3144 699 3201 habeat:
717 3147 844 3201 ‘aductus
858 3147 932 3200 miles
943 3161 994 3200 sua
1005 3159 1092 3214 spone,

10 3232 71 3284 iure
87 3230 206 3285 iurando
226 3245 261 3285 ne
277 3231 331 3285 nisi
349 3236 431 3300 copto
453 3231 520 3285 corbe
540 3236 684 3284 remearet.
719 3232 808 3301 spolio
830 3230 863 3284 de
883 3231 953 3284 torte
974 3228 1090 3282 tolumm·

10 3327 76 3385 repe
90 3313 216 3384 afferret.
251 3313 415 3383 triumphum
430 3313 606 3383 reportaret!
641 3313 718 3367 haud
737 3315 794 3369 scio
814 3330 849 3367 an
866 3312 936 3367 haec
949 3312 1010 3382 ipsa
1032 3327 1086 3365 ser.

10 3403 92 3468 ptura
110 3396 273 3467 recipienda
291 3398 387 3465 luerit;
409 3414 473 3452 nam
491 3398 545 3451 iam
562 3402 636 3451 recte
653 3396 780 3452 Dukerus
792 3402 951 3451 monuerat:
978 3394 1076 3449 ‘renv-

10 3480 394 3536 niustnAnimadv.1⁴³st.‹=
421 3481 471 3534 V'l
490 3479 578 3534 multis
608 3479 710 3534 liseria
768 3479 808 3522 ³1·
826 3497 870 3518 “m
898 3479 1018 3518 ’dulim
1037 3496 1058 3522 e·
