2266 3832
380 246 740 336 rumano-181.
1030 251 1067 312 ιτ

60 436 141 481 mox
163 414 358 495 acervatim,
383 414 430 477 sic
451 423 560 478 tamen
602 435 643 478 uo
666 435 708 478 ue
734 434 793 499 par
821 413 969 478 omnibus
993 414 1065 479 fuit.

61 496 277 563 Etruscorum
283 436 707 582 duodecimpopuli,(l⁷mbri
717 498 752 560 in
762 497 798 561 id
807 507 932 595 tempus
943 498 1065 579 intacti,

62 579 308 668 antiquissimus
319 577 434 644 Italiae
450 579 597 664 populus,
617 579 809 644 Samnitium
825 580 943 667 rehqui
958 582 994 644 in
1010 602 1066 644 ex-

62 663 185 729 cidium
202 662 342 728 Romani
357 664 497 728 nominis
514 672 647 748 repente
655 664 844 727 coniurant.
876 673 945 727 erat
961 673 1092 740 terror2

34 766 49 809 s
63 748 180 833 ingens
189 753 239 811 tot
249 745 344 809 simul
354 755 580 844 tantorumque
590 746 791 833 populorum.
821 745 885 810 late
897 768 956 831 per
968 746 1064 809 Etru-

61 830 145 895 riam
158 827 280 895 Infesta
296 837 447 915 quattuor
458 851 622 914 agminum
639 831 734 914 signa
750 827 941 893 volitabant.
968 828 1092 893 dimi-a

61 914 136 977 nius
146 912 279 975 interim
289 911 390 975 saltus
401 913 437 975 in
451 913 566 992 medio,
583 921 658 976 ante
672 913 780 977 invius
791 911 888 998 plane
900 914 992 998 quasi
1005 912 1065 976 Ca·

62 995 213 1061 ledonius
231 993 286 1060 vel
303 994 507 1080 Hercynius,
530 995 612 1060 adeo
630 1004 700 1059 tum
716 997 833 1060 terrori
853 1006 938 1077 erat,
961 1005 997 1059 ut
1017 1017 1065 1059 se·

62 1088 158 1145 natus
181 1077 308 1144 consuli
334 1078 540 1142 denuntiaret
564 1101 606 1142 ne
630 1087 756 1142 tantum
780 1078 917 1164 periculi
937 1079 1065 1164 ingredi

33 1161 209 1229 scanderet
235 1170 285 1226 set
294 1160 377 1225 nihil
386 1161 501 1226 horum
512 1164 627 1226 terruit
638 1160 760 1244 ducem,
772 1164 850 1248 quin
860 1162 961 1226 fratre
997 1164 1093 1226 rae4

61 1246 162 1310 misso
178 1243 363 1329 exploraret
374 1265 536 1309 accessus.
560 1243 616 1308 ille
632 1266 690 1330 per
700 1255 828 1309 noctem
842 1184 998 1331 pastoraii
1009 1244 1065 1307 ha·

60 1328 134 1393 bitu
149 1326 333 1413 speculatus
345 1328 453 1392 omnia
468 1328 570 1391 refert
583 1337 687 1391 tutum
703 1328 775 1390 iter.
800 1328 847 1391 sic
861 1326 984 1391 Fabius
996 1327 1091 1390 Mat-5

61 1412 171 1477 ximus
210 1409 496 1475 ericulosissimum
512 1410 634 1475 bellum
652 1412 722 1474 sine
740 1410 884 1496 periculo
899 1410 1064 1495 explicuit.

60 1516 139 1559 nam
153 1432 260 1558 subito
273 1493 456 1559 inconditos
470 1494 575 1592 adque
586 1492 727 1578 palantis
741 1494 916 1578 adgressus
932 1502 980 1559 est
991 1515 1064 1592 cap·

30 1580 170 1665 ustisque
182 1575 402 1662 superioribus
420 1578 506 1662 iugis
524 1599 559 1640 1n
577 1575 739 1644 subiectos
757 1599 814 1641 suo
826 1578 896 1641 iure
909 1577 1063 1642 detonult.

61 1680 251 1746 canamque
263 1662 388 1745 species
407 1659 470 1724 fuit
485 1659 574 1723 illius
585 1658 673 1743 belli,
691 1661 785 1746 quasi
803 1662 837 1723 in
851 1661 1034 1744 terrigenas
1047 1675 1092 1726 eo

61 1742 153 1808 caelo
169 1762 209 1805 ac
225 1740 366 1807 nubibus
386 1742 453 1807 tela
470 1744 662 1806 iacerentur.
696 1765 756 1807 nec
774 1744 943 1807 incruenta
956 1753 1090 1810 tament

60 1826 120 1891 illa
129 1826 278 1890 victoria.
295 1847 372 1889 narn
382 1847 554 1910 oppressus
566 1827 601 1888 in
614 1827 687 1889 sinu
697 1825 794 1897 vallis
806 1826 887 1890 alter
899 1826 1067 1891 consulum

61 1908 186 1973 Decius
201 1930 290 1974 more
306 1911 413 1995 patrio
435 1909 587 1973 devotum
603 1909 653 1973 dis
665 1909 814 1973 manibus
830 1909 945 1994 optulit
960 1919 1066 1994 caput,

31 2012 56 2061 u
64 1992 316 2078 sollemnemque
331 1990 474 2056 familiae
487 2013 564 2055 suae
575 1994 850 2057 consecrationem
862 1995 897 2054 in
910 1994 1066 2057 victoriae

61 2076 204 2162 pretium
218 2077 356 2161 peregit.

256 2205 353 2269 XIII.
375 2205 560 2270 BELLVM
571 2204 877 2269 TARENTINVM.

148 2322 301 2409 Sequitur
311 2321 434 2386 bellum
445 2322 665 2404 Tarentinum,
678 2343 778 2384 unum
789 2320 919 2419 quidem
928 2320 1022 2386 titulo
1034 2331 1065 2386 et
1073 2327 1115 2393 18

63 2406 210 2487 nomine,
237 2414 285 2469 set
301 2406 439 2470 victoria
459 2404 640 2490 multiplex.
678 2404 739 2468 hoc
765 2426 851 2468 enim
873 2403 1065 2489 Campanos,

32 2486 192 2575 ssApuloa
203 2496 300 2587 atque
315 2488 466 2553 Lucanos
482 2498 514 2552 et
531 2497 627 2574 caput
644 2486 724 2551 belli
740 2486 944 2568 Tarentinos,
964 2487 999 2551 id
1018 2497 1067 2552 est

62 2582 165 2638 totam
174 2568 312 2653 Italiam,
331 2580 363 2635 et
379 2593 452 2635 cum
463 2572 503 2634 iis
516 2570 664 2636 omnibus
675 2570 845 2655 Pyrrhum,
854 2569 1067 2635 clarissimmn

64 2654 225 2721 Graeclae
237 2676 358 2739 regem,
373 2676 438 2718 una
449 2653 551 2718 veluti
561 2657 656 2717 ruina
669 2656 792 2738 pariter
803 2651 950 2734 involvit,
969 2664 1005 2717 ut
1016 2677 1067 2719 eo-

15 2798 21 2811 ,
63 2738 139 2805 dom
162 2747 307 2823 tempore
327 2747 359 2802 et
375 2736 505 2801 Italiam
525 2747 761 2802 consummaret
780 2747 812 2801 et
833 2739 1067 2802 transmarinos

62 2820 244 2906 triumphos
267 2823 498 2908 auspicaretur.
540 2820 715 2901 Tarentus,
735 2818 1091 2887 Lacedaemoniorum

11 2834 159 2993 lnopus,
174 2902 346 2969 Calabriae
359 2904 521 3003 quondam
533 2914 565 2968 et
575 2903 715 2988 Apuliae
726 2905 889 2989 totiusque
903 2902 1067 2967 Lucaniae

13 2994 19 3015 ’·
64 2996 171 3089 caput,
192 3008 267 3051 cum
277 2987 499 3072 magmtudine
513 2997 544 3052 et
559 2988 658 3050 muris
676 2996 834 3083 portuque
852 2986 982 3067 nobilis,
999 2996 1068 3051 tum

63 3070 224 3135 mirabilis
241 3071 316 3134 situ.
350 3073 468 3157 quippe
486 3072 544 3134 ini
567 3072 611 3133 sis
629 3069 790 3133 Hadriam
807 3071 907 3133 maris
920 3069 1084 3134 faucibus:

62 3157 172 3243 posita
192 3154 229 3217 iu
255 3154 359 3218 omnis
379 3163 483 3217 terras
489 3201 498 3233 ,
564 3154 702 3235 siriam,
729 3151 912 3237 Illyricum,
933 3153 1064 3238 Epiros,

65 3236 234 3320 Achaiam,
246 3236 401 3317 Africam,
417 3235 561 3300 Siciliam
570 3235 645 3300 vela
656 3235 798 3299 dimittit.
815 3237 950 3299 inminet
961 3244 1068 3321 portui

36 3320 111 3387 “ad
130 3329 338 3419 prospectum
358 3321 456 3384 maris
500 3320 617 3384 ositum
638 3318 807 3401 theatrum
831 3319 917 3404 quod
938 3317 1057 3403 quiden

66 3424 166 3469 causa
179 3423 319 3467 miserae
336 3404 462 3467 civitati
515 3404 540 3466 it
552 3402 694 3466 omnium
705 3400 944 3464 calamitatium.
973 3399 1058 3463 ludo

66 3486 146 3546 fade
168 3484 444 3568 rnlnbrnbat‚0um
457 3485 674 3549 adrnmtqmc
724 3485 762 3534 itr
780 3486 796 3521 ν’
826 3484 832 3517 .·
858 3504 934 3545 snos
949 3525 966 3530 ..
998 3482 1048 3530 «las
