2266 3832
120 177 157 238 18
478 189 760 238 uuorueerroun.

119 363 170 405 ses
188 341 310 421 vident,
333 347 429 426 atque
448 339 574 404 hostem
589 339 653 402 rati
672 340 820 420 emicant,
843 340 915 402 sine
933 340 1009 404 disc:

93 423 366 508 5insultant.1qui
378 423 463 485 enim
476 431 532 486 aut
542 422 629 486 unde
641 422 802 486 Romani?
817 443 878 486 nec
893 426 985 486 satis.

119 512 188 572 sine
198 527 289 571 mora
305 504 481 592 querellam
498 505 753 603 ferensnlegatio.
781 505 866 603 hanc
882 526 1009 604 quoque

91 587 1009 758 0tttlztfttfntttttttdttttltttlttttl

116 755 185 842 puli
219 777 256 820 ro
272 754 456 818 Tarentinis
472 763 703 838 consurgerent
720 754 934 841 omnibusque
946 755 1009 820 veh

116 842 179 904 tior
194 777 351 923 lymbus,
375 839 430 923 qui
450 839 529 901 semi
553 858 682 901 raecam
698 859 741 903 ex
756 838 1009 903 Lacedaemonii

117 920 275 987 ditoribus
290 921 455 984 civitatem
468 923 526 984 vin
551 923 691 984 'caturus
702 943 775 985 cum
787 923 865 986 totis
876 920 1004 985 viribus

101 1003 316 1085 Thessaliae,
330 1003 541 1070 Macedoniae
556 1004 794 1104 incognitisque
811 1006 847 1068 in
864 1003 899 1068 id
911 1012 1009 1089 tempi

116 1089 246 1174 plantis
261 1089 344 1150 mari
357 1095 454 1168 terra,
473 1087 554 1150 viris
571 1108 663 1172 eqms
673 1109 782 1169 armrs,
794 1087 905 1152 addito
918 1089 1009 1173 insup

88 1192 225 1241 ararum
247 1179 372 1235 terrore
395 1169 557 1234 veniebat.
596 1178 674 1255 aput
699 1169 892 1234 Heracleam
920 1169 1009 1256 Cam]

114 1255 312 1340 fluviumque
328 1253 433 1317 Lirim
448 1254 595 1318 Laevino
613 1252 745 1317 consule
764 1255 870 1339 prima
888 1256 1009 1338 pugna,

114 1349 181 1402 tam
198 1347 293 1402 atrox
307 1337 369 1402 fuit
387 1345 424 1400 ut
440 1337 664 1401 Ferentaneae
681 1345 805 1400 turmae
825 1337 1009 1421 praelectus

116 1422 198 1504 dius,
210 1423 358 1484 invectus
369 1421 404 1482 in
415 1441 535 1504 regem,
553 1418 734 1483 turbaverit
748 1422 953 1505 coegeritque
987 1443 1009 1484 n

90 1501 299 1600 ssinsignibus
310 1501 433 1587 proelio
446 1503 615 1566 excedere.
649 1511 757 1566 actum
767 1510 845 1583 erat,
863 1504 927 1566 nisi
942 1442 1009 1589 alep

115 1606 271 1651 converso
283 1608 345 1648 ms
370 1585 549 1650 ectaculum
559 1584 657 1666 bello,
675 1587 963 1671 procucurrissent,
982 1610 1009 1686 qr

115 1691 187 1733 cum
197 1669 343 1751 magnitu
369 1669 419 1732 'ne
430 1678 499 1732 tum
511 1669 714 1733 deformitate
726 1678 758 1732 et
769 1690 853 1733 novo
866 1669 963 1733 odore
977 1692 1009 1733 er:

115 1752 253 1816 stridore
268 1753 465 1815 consternati
475 1755 559 1837 equi,
571 1773 644 1815 cum
655 1753 836 1836 incognitas
852 1750 915 1815 sibi
926 1752 1009 1816 belu

76 1893 77 1898 ,
113 1834 198 1982 plius
217 1855 313 1920 quam
329 1844 420 1898 erant
435 1830 685 1982 suppinarentur,
707 1835 821 1919 fugam
835 1844 1009 1984 straqemqr

137 1917 282 1981 ederunt.
300 1918 375 1981 inA
397 1917 464 1981 ulia
499 1918 593 1982 einde
607 1928 684 2003 aput
694 1918 851 1983 Asculum
861 1940 912 1981 me
925 1920 975 1982 ius

114 2012 182 2065 tum
194 2011 243 2065 est
256 2000 355 2066 Curio
367 1939 581 2087 dubricioque
591 2000 788 2066 oonsulibus,
808 2003 873 2064 iam
885 2003 1003 2087 quippe

114 2084 283 2149 beluarum
295 2084 491 2167 exoleverat,
505 2095 537 2148 et
544 2084 646 2149 Gaius
653 2084 821 2148 Numicius
834 2093 966 2170 quartae
978 2085 1009 2150 le

114 2169 260 2232 hastatus
276 2170 372 2232 unius
384 2167 577 2253 proboscide
591 2166 720 2232 abscisa
736 2169 818 2232 mori
827 2189 923 2252 posse
937 2167 1009 2232 belu

73 2251 272 2315 rotenderat.
299 2252 409 2337 itaque
419 2255 454 2314 in
467 2253 474 2267 ⁸
501 2272 553 2313 sas
565 2250 633 2334 pila
647 2260 800 2335 congesta
812 2260 896 2332 sunt,
915 2261 946 2314 et
960 2254 996 2315 in

113 2332 261 2397 vibratae
284 2334 374 2397 faces
394 2342 463 2398 tota
508 2335 624 2397 ostium
646 2334 776 2418 agmina
799 2333 988 2398 ardentibus

115 2424 318 2500 operuerunt,
330 2437 391 2480 nec
401 2418 490 2502 prius
503 2415 589 2479 eladi
600 2415 673 2480 finis
685 2416 746 2480 fuit
759 2438 855 2502 quam
866 2439 934 2482 nox
940 2418 1009 2482 dirir

113 2507 360 2583 postremusque
378 2498 573 2583 fugientium
589 2521 650 2563 rex
669 2501 772 2646 ipsae
795 2500 989 2566 satellitibus
1005 2523 1009 2536 ·

71 2579 103 2631 Π
115 2583 243 2644 saucius
251 2582 285 2645 in
292 2582 390 2645 armis
398 2582 465 2645 suis
472 2581 659 2647 referretur.
702 2584 838 2648 ucaniae
851 2605 1009 2669 suprema

114 2664 175 2727 fuit
185 2664 338 2727 Arusinis
350 2686 430 2749 quos
441 2674 559 2729 vocant
571 2668 702 2751 campis,
722 2665 858 2731 ducibus
873 2667 977 2732 isdem
998 2663 1009 2732 ε’

114 2748 277 2831 superius3
303 2747 361 2811 sed
377 2756 446 2811 tum
462 2757 530 2813 tota
547 2751 694 2813 victoria.
733 2751 869 2831 exitum,
888 2768 983 2849 quem
1000 2747 1009 2816 ἑ

71 2836 104 2886 12
113 2831 218 2892 virtus
229 2829 300 2912 fuit,
319 2851 413 2894 casus
426 2831 524 2895 dedit.
552 2853 628 2895 nam
637 2834 800 2918 provectis
817 2835 852 2896 in
885 2856 1000 2898 rnnam

112 2933 224 2976 rursus
243 2912 438 2997 elephantis,
463 2936 562 2977 unum
580 2937 623 2980 ex
640 2917 687 2979 eis
703 2915 828 3000 pullum
844 2855 951 2981 adacti
965 2919 1000 2981 in

111 2993 169 3058 teli
179 2997 291 3078 gravis
303 2998 386 3059 ictus
398 2998 531 3079 avertit3
542 2999 598 3083 qui
608 3019 682 3061 cum
695 3021 754 3085 per
765 3007 907 3084 stragem
922 3022 1009 3065 suors

113 3098 245 3142 currens
258 3078 395 3142 stridore
407 3088 604 3165 quereretur,
621 3090 724 3146 mater
741 3085 876 3167 agnovit
890 3092 922 3146 et
936 3105 1009 3169 quas

115 3161 238 3226 dicaret
248 3160 370 3242 exiluit,
382 3170 451 3224 tum
462 3164 569 3226 omnia
580 3165 666 3228 circa
677 3167 770 3250 quasi
780 3165 911 3230 hostilia
923 3188 1009 3250 grav:

70 3240 106 3291 13
115 3244 311 3331 permiscuit.
335 3265 373 3309 ae
385 3245 433 3308 sic
445 3245 577 3310 eaedem
589 3246 688 3329 ferae,
701 3269 783 3333 quae
796 3251 933 3333 primam
943 3250 1010 3313 vict

115 3326 326 3409 abstulerunt,
342 3327 515 3392 secundam
527 3349 638 3414 parem
649 3329 805 3413 lecerunt,
818 3333 945 3396 tertiam
957 3334 1008 3396 sin

112 3410 490 3476 troversiatradiderunt.
505 3432 567 3476 nec
576 3434 655 3493 vero
665 3420 790 3478 tantum
801 3416 898 3478 armis
912 3416 1008 3480 etinc
