2266 3832
88 216 110 274 2
457 226 553 273 avon
573 226 717 273 aarum

89 387 122 443 et
138 378 340 442 Alexandria
360 377 450 440 milia
470 397 624 462 passuum
644 396 772 440 novem.
817 376 871 441 Ob
894 398 968 441 eam
987 400 1089 445 rems

88 462 170 527 love
194 462 288 547 petiit
318 470 354 524 ut
381 463 466 524 inter
493 458 603 523 sidera
628 459 838 544 reciperetur.
883 459 955 524 Alii
982 472 1089 547 putant

63 562 165 611 tcum
183 566 268 625 esse,
291 546 347 629 qui
364 543 484 607 Hellen
500 550 532 605 et
549 541 707 605 Phrixum
724 544 864 606 vexerit.
899 542 1029 609 Taurus
1040 546 1089 611 he-

87 629 204 692 nefieio
221 627 325 708 lovis,
343 648 437 715 quem
456 627 601 712 Iuppiter
618 646 639 686 a
652 624 806 711 Neptuno
824 625 930 690 fratre
948 648 1011 713 per
1025 650 1090 715 gra-

87 714 166 775 tiam
187 710 340 792 abduxit,
384 711 419 773 ni
438 728 567 773 sensum
590 706 766 772 humanum
866 729 888 773 a
908 712 998 775 tauri
1024 732 1109 777 eon-s

87 795 226 874 tinebat,
256 795 283 856 is
306 815 348 856 ue
363 733 465 857 (lovis
493 794 585 877 iussu
611 791 789 879 Europam
834 794 971 877 generis
997 795 1092 859 filiam

88 877 254 942 Sidoniam
274 816 432 940 adludens
455 868 583 961 decepit
604 884 637 939 et
653 896 725 939 eam
744 866 878 961 Oretum
901 877 1091 963 deportavit.

88 960 141 1025 Oh
169 982 241 1023 eam
262 981 330 1023 rem
351 960 497 1045 Iuppiter
518 961 554 1021 in
584 958 745 1023 sideribus
767 980 842 1023 eum
866 958 899 1024 di
948 971 1024 1026 stirs
1049 971 1093 1026 est

64 1042 264 1109 simmortnli
284 1045 450 1107 memoria.
485 1041 632 1123 Gemini,
655 1043 711 1129 qui
732 1048 778 1106 dii
794 1040 892 1108 Samo
948 1065 1026 1109 aces
1042 1066 1092 1109 no·

88 1128 252 1190 minantur
269 1148 355 1208 esse,
380 1148 515 1213 quorum
533 1135 757 1224 argumentum
774 1125 868 1190 nefas
887 1136 939 1191 est
955 1150 1091 1215 pronun·
1099 1148 1120 1190 ro

88 1212 171 1275 tiare
213 1220 320 1274 raeter
342 1232 412 1291 eos,
435 1211 491 1296 qui
511 1211 614 1273 init1is
633 1218 798 1295 praesunt.
842 1208 912 1274 Alii
927 1210 1094 1279 Castorem

89 1304 123 1359 et
142 1232 309 1359 Pollucem
338 1295 462 1375 dicunt,
492 1293 588 1380 quod
601 1293 625 1355 ii
649 1294 821 1389 prinsipes
837 1314 927 1359 mare
951 1304 1096 1367 trrtuma

88 1378 308 1464 praedonibus
330 1379 577 1464 praestitissent·
617 1374 699 1440 Sunt
719 1378 775 1463 qui
798 1376 909 1441 dicarit
920 1377 1095 1445 Herculem

64 1469 125 1525 tet
144 1463 319 1543 Theseum,
348 1462 435 1547 quod
456 1460 575 1524 similia
596 1459 685 1523 athla
703 1462 769 1523 sint
793 1459 855 1524 ade
879 1462 915 1525 ti.
962 1462 1095 1545 Cancer,

89 1549 264 1623 καρκίνος,
282 1554 431 1630 receptus
451 1542 610 1608 beneficio
623 1543 772 1626 Iunonis,
790 1482 884 1691 guod
906 1546 979 1610 eius
994 1548 1121 1629 iussus

89 1650 162 1692 cum
173 1628 333 1691 Hercules
351 1629 469 1691 missus
485 1637 571 1691 esset
587 1627 630 1691 ad
641 1626 781 1713 hydram
820 1647 985 1713 ornacum,
1002 1652 1096 1719 qnam

88 1734 148 1775 nos
166 1719 331 1773 excetram
346 1711 492 1792 dicimus,
514 1710 781 1793 interficiendam,
804 1712 956 1777 carcinus
972 1716 1095 1799 ingres

89 1816 144 1859 sus
164 1793 319 1857 Herculis
346 1794 446 1878 pedes
475 1805 508 1858 et
535 1815 630 1858 crura
654 1792 783 1859 lanians
809 1796 1096 1877 incommodiorsm

89 1875 232 1943 iaciebat
253 1899 341 1958 eum,
368 1899 465 1963 quam
489 1878 500 1940 i
523 1899 561 1941 sa
582 1887 728 1942 excetra:
750 1878 849 1964 idque
868 1879 992 1965 malum
1013 1880 1095 1961 Her-

89 1960 179 2024 cules
202 1960 430 2041 difficillimum
452 1901 582 2044 hallhit,
605 1964 833 2047 seminumque
856 1961 900 2026 oh
916 1962 953 2027 id
974 1964 1122 2041 factumn

64 2046 173 2111 tluno
193 2044 356 2110 sideribus
376 2053 426 2109 est
443 2046 586 2132 dignata.
629 2046 713 2128 Leo,
738 2044 841 2128 λέων,
867 2048 924 2145 qui
939 2048 1097 2127 educatus

90 2140 141 2194 est
168 2127 328 2212 Nemeae,
358 2129 493 2194 Iunonis
525 2128 659 2194 oonsilio
688 2129 732 2194 ad
752 2128 905 2194 Herouhs
930 2131 1101 2213 interitum

88 2216 208 2276 missus
229 2214 400 2276 interram
416 2215 554 2297 Argiam
572 2212 627 2278 diu
650 2212 806 2299 spelunca
826 2212 979 2297 latitavit,
1002 2237 1098 2302 quem
1119 2245 1120 2248 ¹

89 2296 250 2361 Hercules
262 2297 380 2361 dieitur
397 2297 600 2361 interfecisse
619 2319 691 2361 eum
702 2295 871 2361 Molorcho
886 2295 1017 2384 hospite
1028 2320 1096 2381 suo,

89 2382 182 2443 cuius
210 2380 338 2442 clavam
364 2383 395 2443 ei
420 2379 575 2444 tributam
597 2388 666 2445 tum
685 2381 846 2467 principio
868 2389 919 2444 est
947 2382 1126 2469 adaptasse

90 2483 155 2547 qna
176 2461 303 2524 leonem
324 2463 503 2543 interfecit,
536 2465 670 2549 eiusque
713 2462 809 2528 ellem
831 2473 946 2549 postea
965 2476 1115 2552 proten

89 2552 244 2628 gurncnto
263 2544 385 2608 hahuit.
430 2543 483 2608 Ob
500 2546 536 2610 id
553 2544 675 2611 factum
690 2487 815 2612 lunoni
838 2546 913 2615 odio
936 2570 1009 2613 esse
1020 2570 1097 2623 ,ooo

62 2630 153 2713 opit,
179 2627 369 2714 leonemque
386 2629 519 2692 caelesti
536 2630 695 2715 dignitate
713 2640 763 2695 est
779 2630 948 2696 honorata.
981 2632 1044 2697 Vir
1068 2656 1097 2715 o,

89 2733 186 2796 quam
203 2733 263 2774 nos
275 2711 438 2775 Iustitiam
456 2712 609 2796 dicimus,
632 2714 695 2778 fuit
709 2728 781 2779 cum
800 2713 997 2780 hominihus.
1076 2718 1099 2782 d

87 2806 259 2894 postquam
281 2794 427 2859 homines
449 2796 534 2860 male
556 2797 665 2862 facere
687 2807 877 2884 coeperunt,
906 2798 997 2864 Iovis
1023 2821 1128 2865 eamso

88 2888 173 2941 inter
202 2881 297 2962 signa
321 2880 439 2965 posuit.
486 2879 568 2944 Sunt
599 2884 655 2967 qui
676 2881 856 2966 Erigonam
882 2882 968 2946 Icari
996 2884 1099 2948 filiam

87 2961 323 3026 Atheniensem
356 2963 485 3046 dicunt,
520 2967 611 3029 cuius
645 2967 730 3052 patri
760 2965 862 3031 Liber
895 2968 1009 3031 vinum
1042 2968 1099 3033 de-

77 3045 151 3122 dit,
176 3055 213 3108 ut
234 3045 419 3110 hominibus
442 3047 484 3112 ad
506 3050 699 3112 suavitatem
721 3049 833 3113 daret:
854 3049 972 3136 quibus
994 3050 1110 3134 dedit,

80 3128 205 3192 <ebriati
229 3139 305 3193 sunt
329 3140 361 3194 et
383 3130 416 3193 la
438 3130 547 3195 idibus
570 3155 643 3196 eum
664 3133 862 3199 occiderunt.
906 3134 1017 3215 Canis,
1040 3136 1110 3221 qui¹

83 3233 162 3275 cum
184 3213 240 3276 illo
263 3223 342 3296 erat,
363 3216 397 3277 vi
434 3224 448 3278 t
469 3214 634 3280 dominum
654 3219 806 3296 occisum,
828 3227 948 3282 etcum
966 3218 1130 3285 ululatum

87 3297 131 3359 ad
150 3296 329 3381 Erigonam
351 3298 464 3380 rediit,
488 3321 582 3383 quem
603 3310 640 3363 ut
661 3310 819 3365 maestum
842 3310 875 3365 et
897 3302 948 3364 sin
995 3301 1098 3367 larem

87 3380 187 3460 cidit,
210 3381 350 3445 sollicita
366 3381 584 3468 proficiscitur
600 3405 672 3446 eum
690 3405 739 3449 eo.
774 3383 904 3449 Venere
978 3385 1096 3467 locum,

87 3460 148 3525 ubi
168 3462 293 3529 Icarius
323 3465 460 3531 iacebat.
504 3466 597 3530 Vidit
618 3488 735 3553 corpus
752 3470 873 3554 patris3
903 3489 1023 3553 magna
1048 3467 1096 3533 la·
