2266 3832
111 214 156 277 64
381 213 422 272 Μ.
442 213 583 272 VELLEI
603 212 819 276 PATERCULI

115 367 203 427 iussu
227 365 357 425 hominis
384 364 557 438 pravissimi
578 365 636 423 tela
656 365 686 423 in
708 380 777 424 eum
798 363 876 425 iacta
895 370 998 435 erant,
1025 380 1095 427 cum

118 452 239 508 lacerna
264 448 330 508 eius
358 449 511 522 perforata
535 454 619 507 esset
645 447 766 520 lancea,
798 449 931 522 aquilam
960 447 1094 523 legionis

88 546 226 607 orapere
250 547 344 591 ausus
369 537 425 591 est
465 529 582 604 Scires,
609 530 682 604 quid
703 530 865 591 interesset
883 529 963 590 inter
980 531 1094 593 duces=

118 617 222 675 armati
248 616 392 674 inermem
412 614 510 672 secuti
530 621 601 673 sunt
622 614 804 688 decimoque
829 630 925 687 anno,
950 632 1046 689 quam
1066 616 1093 675 in

118 696 347 760 dissimillimam
354 697 432 758 vitae
441 713 517 755 suae
525 697 688 771 potentiam
703 705 898 771 pervenerat,
914 697 1053 772 Lepidus
1067 706 1095 759 et

119 802 137 842 a
150 781 293 842 militibus
309 789 340 842 et
353 797 372 839 a
386 782 656 840 iortunadesertus
672 782 819 855 pulloque
827 782 944 841 velatus
952 783 1093 857 amiculo,

118 868 195 927 inter
215 866 349 924 ultimam
370 863 588 924 confluentium
608 864 646 922 ad
669 863 829 924 Caesarem
856 865 977 924 turbam
997 868 1093 927 latens

118 948 248 1025 genibus
263 947 329 1007 eius
345 948 508 1007 advolutus
520 954 584 1016 est;
605 946 666 1007 vita
679 964 845 1022 rerumque
859 963 983 1007 suarum
999 949 1094 1010 domi·

119 1033 201 1092 nium
217 1047 368 1091 concessa
383 1030 412 1090 ei
427 1037 511 1102 sunt,
526 1032 672 1104 spoliata,
688 1047 780 1105 quam
794 1030 872 1090 tueri
887 1046 950 1091 non
967 1039 1093 1107 poterat,

121 1116 261 1188 dignitas.

96 1202 107 1250 l
202 1198 329 1258 LXXXI.
353 1197 458 1257 Subita
471 1197 743 1259 deindeexereilus
754 1196 879 1268 seditio,
895 1198 949 1272 qui
965 1199 1095 1274 plerum·

121 1298 182 1357 que
197 1283 419 1356 contemplatus
432 1281 631 1355 frequentiam
648 1298 735 1341 suam
746 1298 765 1340 a
778 1279 939 1356 disciplina
952 1282 1097 1343 desciscit

121 1367 242 1441 etquod
251 1380 403 1439 cogerese
419 1372 503 1440 putat
511 1380 621 1440 posse,
635 1380 745 1438 rogare
755 1382 816 1425 non
828 1364 974 1438 sustinet,
989 1366 1096 1439 partim

122 1452 285 1509 severitate
307 1447 413 1524 partim
434 1448 611 1508 liberalitate
632 1449 775 1507 discussa
789 1448 952 1523 principis,
974 1450 1096 1523 specio-

123 1549 254 1606 sumque
265 1532 359 1607 perid
372 1538 493 1605 tempus
506 1533 658 1592 adiectum
670 1532 916 1605 supplementum
923 1531 1097 1606 Campanae

123 1618 277 1684 coloniae;
292 1618 514 1687 [concessionem
525 1618 670 1675 celmanis
679 1618 762 1689 upra,
774 1616 945 1690 quictamus
954 1619 1097 1689 cmoniae]

124 1700 191 1760 eius
212 1697 308 1757 rolicti
324 1704 409 1756 orant
424 1698 553 1770 publioi;
569 1715 626 1773 pro
641 1698 689 1757 lris
704 1700 795 1772 longe
806 1698 966 1758 uberiores
980 1698 1098 1760 reditus

124 1780 292 1841 duodecies
308 1782 480 1839 sestertium
496 1782 524 1839 in
542 1781 629 1841 Creta
650 1781 748 1841 insula
762 1782 873 1841 redditi
887 1786 918 1840 et
932 1798 1015 1857 aqua
1029 1798 1098 1857 pro-

124 1865 231 1933 missa,
249 1879 328 1937 quae
340 1862 493 1937 hodieque
509 1864 664 1938 singulare
678 1870 709 1922 et
723 1865 908 1925 salubritatis
922 1868 1098 1927 instrumen-

97 1949 184 2009 llum
193 1956 223 2007 et
229 1948 420 2007 arnoenitatis
428 1956 637 2008 ornamentum
647 1957 703 2008 est.
718 1947 842 2022 insigne
852 1948 1100 2009 coronaeelassi-

126 2048 196 2105 cae,
217 2048 278 2106 quo
300 2047 388 2090 nemo
410 2048 545 2106 unquam
564 2032 770 2092 Romanorum
787 2032 918 2092 donatus
940 2039 1021 2104 erat,
1041 2032 1101 2093 hoc

96 2117 205 2176 3bello
233 2115 373 2189 Agrippa
401 2114 546 2189 singulari
569 2114 677 2175 virtute
703 2115 818 2174 meruit.
852 2115 962 2176 Victor
989 2116 1101 2175 deinde

127 2200 239 2259 Caesar
258 2213 404 2257 reversus
424 2197 454 2255 io
476 2200 582 2257 urbem
600 2206 771 2258 contractas
792 2199 997 2273 emptionibus
1019 2215 1101 2259 conr·

129 2281 224 2357 pluris
246 2283 355 2340 domos
379 2297 433 2354 per
446 2290 676 2355 procuratores,
698 2297 759 2355 quo
777 2281 876 2340 laxior
890 2282 977 2342 fieret
991 2280 1101 2357 ipsius,

128 2365 259 2440 publicis
281 2381 315 2423 se
335 2364 442 2424 usibus
464 2364 617 2424 destinare
639 2365 801 2437 protessus
822 2371 870 2425 est
894 2368 1103 2443 templumque

128 2447 277 2522 Apollinis
293 2454 323 2506 et
337 2448 417 2506 circa
433 2447 567 2521 porticus
580 2449 728 2506 facturum
743 2448 895 2522 promisit,
912 2448 994 2523 quod
1011 2450 1050 2510 ab
1065 2466 1103 2511 eo

129 2529 272 2603 singulari
288 2536 456 2590 extructum
470 2530 675 2590 munificentia
688 2538 744 2591 est.

100 2623 115 2676 l
209 2613 350 2672 LXXXll.
395 2612 459 2685 Qua
473 2622 588 2673 aestate
603 2614 716 2673 Caesar
730 2621 790 2674 tam
806 2632 956 2691 prospere
975 2620 1106 2692 sepelivit

131 2700 159 2756 in
175 2695 278 2756 Sicilia
297 2698 418 2769 trellum,
441 2696 575 2756 Fortuna
594 2698 772 2758 incaesare
792 2706 822 2760 et
841 2700 1000 2775 republica
1019 2702 1105 2775 mitis,

100 2783 232 2840 arcontii
244 2781 282 2839 ad
292 2778 459 2840 Orientem=
476 2781 591 2855 quippe
601 2783 752 2843 Antonius
767 2798 835 2843 cum
852 2784 995 2844 tredecim
1011 2784 1104 2859 legio-

132 2864 219 2923 nibus
235 2865 394 2938 ingressus
410 2866 584 2924 Arrrreniam
605 2881 641 2926 ac
657 2865 768 2925 deinde
782 2867 914 2927 Mediam
935 2875 966 2927 et
980 2883 1036 2942 per
1050 2882 1105 2927 eas

130 2948 272 3022 regiones
287 2948 414 3009 Parthos
429 2955 536 3023 petens
552 2948 657 3010 habuit
670 2965 773 3024 regem
787 2966 894 3011 eorum
906 2950 1031 3011 obvium
1045 2953 1106 3026 pri-

131 3048 242 3104 moque
259 3033 335 3091 duas
352 3033 488 3106 legiones
502 3049 569 3092 cum
583 3034 722 3093 omnibus
735 3033 958 3108 impedimentis
973 3041 1105 3095 tormen-

130 3114 232 3187 tisque
252 3124 282 3174 et
297 3115 433 3175 Statiano
455 3116 554 3189 legato
575 3117 689 3186 amisit;
711 3132 783 3176 mox
798 3118 924 3193 saepius
946 3118 1016 3192 ipse
1037 3134 1107 3179 cum

6 3188 250 3259 -v-‘ssummo
272 3198 364 3258 totius
380 3200 532 3259 exercitus
547 3199 720 3258 discrimine
735 3216 773 3259 ea
787 3202 861 3262 adiit
876 3202 1025 3277 pericula,
1041 3201 1106 3277 qui-

132 3284 191 3341 bus
207 3281 321 3340 servari
335 3297 370 3340 se
382 3297 478 3354 posse
490 3283 722 3357 desperaverat,
738 3283 916 3360 amissaque
930 3302 991 3344 non
1005 3286 1106 3345 minus

73 3417 78 3424 .
135 3371 242 3438 quarta
255 3372 340 3439 parte
353 3364 477 3424 militum
492 3366 602 3439 captivi
618 3366 790 3443 cuiusdam,
806 3369 862 3428 sed
876 3369 1019 3443 Romani,
1034 3384 1107 3431 con·

134 3448 201 3507 silio
214 3464 251 3507 ac
262 3448 322 3507 lide
334 3455 489 3522 servatus,
503 3449 554 3523 qui
566 3450 653 3509 clade
661 3449 814 3510 Crassiani
823 3452 976 3511 exercitus
987 3461 1107 3528 captus,
