2266 3832
481 218 514 301 1,
530 218 652 306 401111,
668 218 711 308 51.
1060 228 1101 288 55

88 387 218 455 medias
245 386 387 452 hostium
405 406 508 451 naves
525 393 598 450 utre
621 406 797 472 suspensus
823 394 854 451 et
875 387 1014 472 pedibus
1039 391 1103 455 iter

88 471 302 557 gubernans,
338 469 526 535 videntibus
556 469 672 555 procul
707 471 801 556 quasi
833 472 959 535 marina
1013 474 1101 537 ristis

92 562 253 619 evaserat.
291 574 371 619 mox
395 552 489 618 clade
511 573 682 635 conversa,
712 574 786 617 cum
807 576 850 618 ex
871 576 961 619 mora
983 576 1002 619 o
1026 556 1125 622 sidiil

93 658 206 723 regem
226 637 330 702 fames
347 644 381 701 et
397 658 440 701 ex
455 636 542 701 fame
558 636 743 722 pestilentia
758 660 798 702 ur
844 648 927 720 eret,
949 640 1102 703 receden-

69 728 159 789 stem
179 718 336 786 Lucullus
357 719 549 806 adsequitur
567 719 649 786 adeo
671 742 713 785 ue
735 741 791 785 cae
817 723 855 804 ‘t,
881 731 919 786 ut
940 722 1102 787 Granicus

94 812 128 869 es
150 804 299 889 Aesepus
325 824 437 868 amnes
463 805 590 868 cruenti
614 743 838 869 redderentur.
876 827 938 869 rex
965 806 1125 872 callidusl

93 886 322 973 Romanaeque
344 886 502 951 avaritiae
524 888 645 972 peritus
668 889 778 973 spargi
799 909 913 954 aurum
934 910 954 952 a
974 889 1102 973 fugien-

92 968 180 1034 tibus
211 978 244 1035 et
272 972 443 1056 pecuniam
473 971 586 1052 iussit,
620 992 684 1057 qua
710 982 881 1057 sequentes
909 981 1101 1038 moraretur.

93 1074 156 1117 nec
173 1054 302 1119 felicior
320 1055 357 1118 in
378 1053 462 1117 mari
481 1075 577 1140 quam
597 1062 685 1119 terra
709 1054 799 1138 fuga.
831 1057 950 1142 quippe
972 1065 1103 1120 centum

60 1136 232 1223 inamplius
254 1138 387 1203 navium
413 1136 552 1203 classem
578 1147 735 1224 apparatu
760 1137 838 1205 belli
860 1161 996 1224 gravem
1017 1140 1102 1206 Pon-

92 1222 159 1285 tico
177 1221 259 1285 mari
361 1241 434 1286 essa
454 1230 627 1306 tempestas
649 1231 715 1285 tam
736 1221 833 1286 foeda
854 1231 963 1308 strage
980 1223 1102 1287 lacera-

92 1304 157 1385 vit,
179 1313 216 1371 ut
236 1305 344 1369 nava‘
383 1303 463 1369 belli
482 1306 585 1369 instar
606 1304 762 1386 efficeret,
789 1305 950 1404 planeque
976 1316 1013 1370 ut
1035 1307 1099 1371 Lu·
1112 1326 1133 1376 1¹

92 1386 199 1453 callus
224 1388 365 1474 quodam
389 1409 464 1453 cum
489 1387 640 1453 fluctibus
667 1389 883 1475 procellisque
909 1392 1101 1456 commercio

92 1468 323 1537 debellandum
353 1471 530 1536 tradidisse
556 1493 667 1556 regern
696 1473 801 1536 ventis
829 1472 1006 1537 videretur.
1045 1474 1127 1540 ada

61 1555 191 1619 atr-itae
220 1555 286 1619 mm
311 1574 422 1619 omnes
447 1555 641 1620 validissimi
665 1556 759 1640 regni
786 1557 873 1620 vires
903 1566 1010 1638 erant,
1043 1555 1103 1620 sed

90 1638 220 1703 animus
244 1637 338 1703 malis
364 1638 556 1722 augebatur.
589 1639 698 1724 itaque
723 1659 899 1704 conversus
928 1641 971 1704 ad
991 1641 1127 1738 proxi-2

20 1742 45 1757 ⁴
90 1742 162 1785 mas
188 1728 302 1806 gentes
329 1728 433 1786 totum
463 1742 567 1807 paene
594 1723 751 1787 orientem
777 1743 816 1787 ac
848 1732 1102 1809 septentrionem

10 1820 34 1853 Γ·
90 1805 187 1869 mins
216 1825 276 1869 soa
300 1803 449 1869 involvit
480 1804 610 1887 Hiberi,
645 1805 756 1891 Caspii
762 1854 771 1887 ,
796 1806 919 1871 Albani
942 1817 973 1871 et
995 1816 1102 1872 utrae-

91 1908 156 1975 que
180 1886 393 1952 sollicitantur
413 1889 601 1969 Armeniae,
624 1911 684 1974 per
704 1910 788 1975 qnae
812 1891 920 1954 omnia
946 1891 1046 1954 decus
1070 1898 1103 1955 et

57 1986 212 2036 anomen
233 1979 266 2035 et
291 1970 402 2036 titulos
427 1971 553 2069 gloriae
577 1971 731 2058 Pompeio
758 1993 816 2037 suo
838 1973 983 2038 Fortuna
1005 1995 1101 2059 quae·

90 2053 194 2121 rebat.
220 2055 276 2139 qui
296 2054 354 2119 ubi
369 2076 464 2120 novis
482 2054 622 2121 motibus
639 2056 754 2120 ardere
769 2057 884 2119 Asiam
900 2058 991 2121 videt
1005 2056 1127 2124 alios-2

91 2159 156 2224 que
183 2158 227 2201 ex
251 2136 324 2202 aliis
352 2136 483 2223 prodire
510 2160 618 2222 reges,
649 2138 730 2202 nihil
761 2139 977 2203 cunctandum
1000 2148 1100 2220 ratus,

89 2222 280 2307 prinsquam
312 2223 398 2285 inter
428 2242 464 2287 se
494 2224 640 2307 gentium
670 2221 787 2287 robora
818 2224 954 2304 coirent,
992 2224 1102 2287 statim

89 2311 190 2391 ponte
204 2304 343 2369 navibus
359 2304 445 2368 facto
461 2305 603 2369 omnium
618 2313 693 2370 ante
708 2326 743 2369 se
757 2306 879 2390 primus
893 2308 1023 2370 transiit
1034 2306 1101 2371 Eu-

56 2388 240 2475 aphratem
263 2409 437 2535 regemque
462 2388 641 2473 fugientem
664 2389 772 2454 media
793 2399 929 2454 nanctus
944 2391 1101 2455 Armenia

88 2480 277 2557 —quanta
317 2472 441 2536 elicitas
464 2473 547 2536 viri!
569 2510 613 2522 -
635 2494 700 2537 uno
721 2473 845 2558 proelio
862 2474 1012 2539 confecit.
1042 2494 1133 2543 no-2

91 2563 208 2620 cturna
233 2576 272 2619 ea
297 2555 460 2621 dimicatio
487 2554 550 2618 fuit
576 2564 608 2619 et
625 2555 719 2620 Luna
738 2558 773 2619 in
793 2558 950 2703 partibus.
981 2559 1100 2644 quippe

112 2638 187 2701 nasi
208 2639 422 2703 commilitans
438 2660 511 2702 cum
527 2639 589 2703 dea
603 2661 623 2702 a
637 2648 729 2724 tergo
746 2663 781 2705 se
820 2641 958 2722 ostibus,
979 2663 999 2704 a
1015 2642 1100 2706 facie

143 2723 248 2785 manis
290 2722 484 2804 raebuisset,
507 2722 636 2787 Pontici
655 2745 714 2809 per
735 2746 875 2789 errorem
894 2725 1024 2809 longius
1049 2746 1099 2789 ca-

55 2804 200 2871 sodentis
222 2744 353 2870 umlsras
368 2827 444 2870 suas
461 2808 553 2893 quasi
568 2807 709 2871 hostium
725 2829 860 2893 corpora
874 2808 1038 2894 petebant.
1069 2816 1125 2872 et2

89 2886 297 2954 Mithridates
314 2890 444 2976 quidem
458 2898 552 2954 nocte
569 2891 627 2954 illa
642 2890 822 2955 debellatus
838 2901 896 2956 est.
915 2891 998 2955 nihil
1013 2893 1100 2957 enim

88 2980 205 3058 postea
215 2972 327 3054 valuit,
344 2995 539 3059 quamquam
549 2976 657 3039 omnia
669 2984 820 3122 expertus
831 2997 920 3041 more
932 2977 1098 3060 anguium,

90 3056 149 3143 qui
166 3056 285 3141 optrito
306 3057 411 3142 capite
431 3066 629 3143 postremum
650 3080 709 3122 cau
733 3079 753 3120 a
771 3060 945 3123 minantur.
979 3060 1133 3145 quipp02

90 3160 199 3203 cume
270 3140 278 3155 ⁸
298 3149 348 3205 set
361 3139 486 3205 hostem
499 3141 628 3207 Colchis
643 3151 750 3223 tenus,
771 3144 906 3228 iungere
919 3144 1098 3228 Bosporon,

56 3222 169 3291 asinde
180 3244 241 3310 per
279 3223 400 3289 hracen
409 3224 914 3373 Macedoniamqueetflraeciam
925 3224 1098 3306 transilire,

91 3306 141 3370 sic
158 3305 289 3371 Italiam
309 3329 370 3372 nec
390 3310 538 3393 opinatus
562 3310 640 3372 inva
664 3330 718 3373 ere
730 3348 774 3359 —
787 3319 911 3374 tantum
931 3308 1097 3391 cogitavit.

90 3389 151 3455 uod
172 3389 356 3456 defectione
377 3392 498 3456 civium
521 3392 762 3478 Pharnacisque
783 3393 843 3458 filii
861 3393 983 3457 scelere
1007 3412 1125 3524 prae-⁹

89 3480 208 3532 *mins
221 3472 307 3539 male
322 3482 512 3561 temptatum
522 3497 648 3541 veneno
660 3476 808 3562 spiritum
820 3476 907 3540 ferro
922 3497 1005 3548 eurr*¹
1021 3475 1056 3532 it-
