2266 3832
231 248 439 314 Hrsroltlnlt
458 252 651 314 ROMANAE
671 254 712 326 ll,
735 262 871 319 111111.
993 254 1034 317 81

58 404 201 464 lrercules
229 404 312 465 nulla
336 420 469 477 unquam
491 404 573 463 natio
594 410 656 462 tam
676 408 794 463 mature
814 402 943 465 consilio
964 405 1035 464 belli

56 488 171 547 bellum
187 486 285 547 iunxit
297 502 334 545 ac
345 487 469 546 decreta
480 485 620 561 patravit
643 485 792 561 Oppressi
804 486 1064 562 civesRomani,e

57 570 199 631 trucidati
214 572 435 645 negotiatores,
451 586 580 644 magnus
595 570 820 630 vexillariorum
835 587 980 631 numerus
995 572 1036 631 ad

56 654 295 715 internecionem
316 669 353 713 ea
366 655 396 712 in
413 653 553 727 regione,
576 670 655 728 quae
669 654 830 728 plurimum
851 655 889 713 ab
905 653 1035 729 impera-

57 745 124 799 tore
136 737 256 810 aberat,
272 752 398 809 caesus,
416 744 565 812 occupata
577 738 667 796 armis
679 737 874 810 Macedonia,
891 739 992 799 omnia
1006 745 1037 798 et

56 820 87 881 in
100 820 242 881 omnibus
256 821 333 880 locis
348 820 409 894 igni
426 822 569 895 ferroque
583 828 710 880 vastata.
738 820 814 895 Quin
830 828 929 881 tantus
945 822 1035 882 etiam

57 902 149 965 buius
164 903 235 963 belli
249 912 347 964 metus
362 904 432 976 luit,
452 912 486 964 ut
501 904 640 963 stabilem
655 904 736 963 illurn
750 913 781 964 11
795 905 954 965 formatum
970 914 1034 965 tan-

56 994 155 1049 torum
171 987 319 1047 bellorum
332 988 520 1063 experientia
527 986 666 1047 Caesaris
675 988 805 1061 Augusti
818 988 948 1048 animum
961 1005 1034 1063 qua-

56 1077 134 1131 teret
153 1080 245 1145 atque
266 1078 406 1130 terrerem
430 1071 533 1130 audita
546 1071 576 1130 in
591 1079 700 1130 senatu
716 1087 777 1130 rox
798 1072 960 1147 principis,
982 1072 1034 1131 tle-

57 1156 136 1215 cimo
152 1154 217 1227 die,
233 1156 263 1213 ni
279 1160 451 1228 careretur,
468 1170 563 1228 posse
577 1153 698 1213 hostem
713 1155 743 1212 in
756 1155 840 1216 urbis
852 1157 968 1216 Romae
982 1170 1035 1214 re·

56 1238 123 1297 nire
148 1246 355 1312 conspectum.
394 1237 575 1297 Senatorum
600 1237 797 1312 equitumque
828 1239 1062 1309 Romanorumn

57 1328 185 1380 exactae
199 1321 279 1380 adid
290 1321 402 1381 bellum
414 1336 537 1395 operae.
558 1321 716 1381 Pollicitati
730 1325 838 1381 omnio.
867 1322 966 1381 llabiti
981 1323 1034 1382 ita-

58 1420 120 1481 que
141 1405 293 1476 delectus,
314 1404 449 1464 reuocati
471 1405 607 1479 undique
628 1412 658 1464 et
678 1420 784 1464 omnes
807 1405 955 1475 veterani,
980 1406 1035 1464 viri

58 1487 252 1562 feminaeque
266 1503 306 1547 ex
321 1503 416 1547 censu
431 1488 602 1549 libertinum
617 1496 742 1548 coactae
758 1489 831 1547 dare
846 1488 978 1547 militem.

143 1570 214 1630 cxl.
258 1571 364 1632 Omnia
380 1572 455 1631 haec
473 1573 585 1632 lrustra
600 1587 889 1647 praeparassemus,
910 1572 968 1632 nisi
985 1575 1061 1647 quil

58 1655 109 1714 illa
122 1663 243 1728 regeret
257 1655 374 1714 luisset.
397 1658 502 1729 ltaque
515 1664 547 1715 ut
564 1655 749 1731 praesidium
769 1656 904 1716 ultimum
925 1672 1033 1731 respu-

57 1737 138 1797 blica
152 1740 338 1813 abAugusto
354 1740 462 1799 ducem
477 1740 507 1797 in
522 1740 634 1800 bellum
651 1741 960 1815 poposcitTiberium.
976 1741 1064 1809 lla-a

57 1820 122 1881 buit
132 1821 162 1879 in
178 1822 237 1881 hoc
253 1839 378 1897 quoque
394 1824 473 1882 bello
489 1824 681 1885 mediocritas
703 1832 809 1884 nostra
830 1825 965 1898 speciosi
980 1827 1033 1884 mi-

57 1905 163 1964 nisteri
177 1907 292 1964 locum:
315 1906 399 1964 linita
414 1908 549 1979 equestri
564 1907 668 1965 militia
682 1908 860 1980 designatus
877 1915 1033 1982 quaestor,

57 1988 190 2047 necdum
211 1996 333 2046 senator
360 1996 508 2063 aequatus
534 1990 726 2049 senatoribus
752 1991 841 2049 etiam
866 1990 1034 2064 designatis

57 2069 188 2130 tribunis
204 2070 303 2143 plebei
319 2078 434 2144 partem
452 2072 733 2132 exercitusabarbe
741 2073 840 2132 traditi
848 2072 886 2131 ab
893 2076 1033 2147 Augusto

56 2153 188 2229 perduxi
205 2154 243 2211 ad
254 2154 346 2212 lilium
358 2154 434 2214 eius.
458 2157 491 2213 ln
507 2163 671 2229 quaestura
686 2156 795 2215 deinde
809 2156 939 2216 remissa
953 2167 1064 2224 sortes

58 2238 237 2314 provinciae
251 2239 369 2311 legatus
386 2237 523 2297 eiusdem
539 2239 721 2297 adeundam
737 2240 864 2313 missus,
881 2257 959 2315 quas
975 2259 1033 2302 nos

58 2322 158 2397 primo
184 2337 263 2380 anno
290 2321 373 2380 acies
398 2321 530 2381 hostium
557 2323 703 2382 vidimus!
730 2323 850 2398 quantis
873 2326 1034 2398 prudentia

58 2405 147 2464 ducis
162 2404 440 2478 opportunitatibus
456 2406 582 2466 furentis
594 2407 782 2467 eorumviris
798 2408 957 2468 universas
967 2421 1035 2465 era.

57 2489 163 2557 simus,
173 2489 327 2562 [fudimus]
336 2488 488 2562 partibus!
501 2498 614 2564 quanto
622 2507 691 2551 cunr
700 2499 936 2567 temperamento
944 2494 1034 2554 simul

58 2572 191 2631 utilitatis
204 2587 254 2631 res
266 2574 442 2632 auctoritate
457 2574 647 2647 imperatoris
662 2576 710 2649 agi
723 2575 868 2636 vidimus!
884 2594 947 2651 qua
963 2594 1033 2652 pru-

59 2654 546 2729 dentiahibernadispositasunt!
561 2667 673 2733 quanto
682 2675 775 2733 opere
788 2661 924 2721 inclusus
932 2669 1034 2721 custo·

57 2736 117 2797 diis
131 2739 244 2798 nostris
258 2740 426 2811 exercitus,
446 2755 484 2796 ne
499 2756 559 2813 qua
573 2749 680 2814 posset
693 2758 867 2817 erumpere,
880 2744 1035 2819 inopsque

58 2821 217 2896 copiarum
231 2829 261 2881 et
273 2821 349 2881 intra
363 2838 398 2881 se
414 2823 519 2881 lurens
538 2823 652 2882 viribus
672 2823 770 2884 bostis
788 2827 1033 2899 elanguesceret!

145 2904 232 2963 CXlI.
260 2904 344 2963 Felix
361 2913 486 2975 eventu,
504 2906 580 2965 iorte
595 2913 708 2966 conatu
722 2906 820 2979 prima
835 2915 949 2967 aestate
964 2908 1059 2973 bellir

58 2987 218 3047 Messalini
233 3005 312 3062 opus
328 2988 533 3047 mandandum
545 2997 592 3048 est
606 2988 779 3050 memoriae.
804 2990 860 3062 Qui
874 2992 921 3049 vir
935 2990 1063 3059 animoa

58 3070 149 3131 etiam
171 3088 261 3146 quam
282 3079 373 3146 gente
394 3072 537 3145 nobilior,
559 3071 772 3147 dignissimus,
796 3073 899 3148 quiet
919 3082 1036 3149 patrem

59 3154 222 3215 Coruinum
238 3154 411 3228 habuisset,
433 3164 462 3214 et
477 3171 646 3228 cognomen
668 3172 756 3216 suum
772 3156 875 3217 Cottae
890 3158 973 3217 lratri
988 3174 1035 3216 re-

58 3236 223 3313 linqueret,
237 3237 578 3316 praeposituslllyrico,
592 3240 1034 3301 subitarebellionecumscmi·

58 3322 152 3396 plena
172 3320 292 3393 legione
308 3322 452 3382 vicesima
467 3323 670 3383 circundatus
691 3323 791 3383 hostili
807 3325 957 3398 exercitu,
974 3340 1035 3383 am·

58 3404 139 3481 plius
155 3402 259 3477 viginti
281 3404 362 3464 milia
383 3405 513 3465 hostium
531 3406 606 3466 ludit
620 3407 810 3482 fugavitque,
832 3416 862 3467 et
882 3409 921 3468 ob
943 3408 973 3468 id
988 3423 1036 3467 or·

59 3494 208 3547 nannenus
222 3488 453 3560 triumphalibus
469 3490 636 3550 honoratus
652 3498 708 3551 est.
744 3492 788 3551 lta
809 3492 949 3567 placebat
967 3490 1066 3555 bor-b

104 3572 227 3629 Vertar.
244 3570 369 3629 Pareae.
857 3581 874 3636 o
