2266 3832
426 219 620 278 alanna.
935 216 973 280 71

131 380 217 441 Gau.
233 380 365 444 XXVIII.
395 383 590 446 Diocletianus
611 385 734 462 privatus
747 384 773 442 iu
793 384 877 461 villa,
901 403 973 464 quae

65 464 398 543 haudprooulasalouis
411 477 471 543 est,
491 467 636 545 praeclaro
649 470 708 528 otio
720 469 823 546 senuit,
846 470 974 530 inusitata
1042 487 1044 492 ·

65 549 252 625 virtuteusus,
266 559 296 610 ut
306 550 385 611 solus
397 552 518 611 omnium
532 561 598 631 post
610 552 750 612 eonditum
759 551 913 611 Romanum
927 554 976 612 im-

66 634 174 708 perium
192 653 228 693 ex
245 643 321 694 tanto
343 635 457 714 fastigio
476 646 577 712 spoute
597 637 631 697 ad
648 639 773 714 privatae
784 638 859 695 vitae
875 628 976 696 statum

65 810 146 942 ”alos
158 801 297 879 homines,
314 811 343 862 ut
355 822 416 862 eum
430 805 552 881 privatus
569 805 688 882 obisset,
703 805 870 865 iuterDIvos
882 813 974 865 tamen

66 901 96 942 re
111 894 219 944 erretur

399 1067 638 1076 ———-———-..

295 1231 752 1301 trauntuuttttta

384 1453 655 1507 annuntianti.

118 1561 141 1612 l.
164 1562 262 1627 Imperii
280 1564 371 1614 divisio
389 1567 453 1617 iuter
470 1565 641 1616 Constantium
660 1569 684 1612 et
697 1560 822 1612 GalerInm
840 1563 976 1627 assumptis

66 1630 164 1680 duobus
184 1629 331 1682 Caesaribus
355 1634 490 1693 Maximino
514 1643 538 1684 et
561 1632 663 1683 Severo.
698 1629 726 1680 2.
744 1629 887 1682 Constantio
911 1645 975 1680 mor-

65 1709 107 1748 tuo
127 1698 303 1750 Constantiana
327 1702 352 1752 iu
369 1704 496 1755 Britannia
519 1709 617 1752 creatur
638 1703 787 1766 imperator,
810 1700 906 1749 Itomae
922 1698 975 1748 Ma-

64 1768 179 1829 xentlus‚
202 1769 268 1818 Illius
279 1771 400 1832 Herculii,
425 1775 468 1838 qui
491 1773 549 1822 inde
572 1772 606 1820 ad
622 1785 694 1836 spem
711 1769 854 1819 resumendi
877 1767 975 1834 Imperii

65 1836 177 1902 erigitur.
212 1837 320 1887 Severus
345 1849 430 1892 eontra
452 1842 606 1892 Maxentium
629 1841 722 1888 missus
744 1853 759 1887 a
782 1839 835 1887 suis
860 1838 974 1887 desertus

64 1905 216 1957 mterfieitur.
246 1903 272 1960 3.
288 1907 396 1958 Herculii
415 1919 473 1976 post
491 1912 572 1959 irritos
594 1916 697 1957 conatus
718 1914 803 1956 eontra
820 1905 974 1956 Maxentium
1000 1913 1006 1924 ‘

65 1982 88 2021 et
107 1972 296 2023 Constantinum
314 1977 442 2031 interitus.-
456 1980 517 2027 Eius
533 1993 626 2027 mores.
656 1973 682 2027 4.
703 1974 814 2025 Licinius
832 1990 847 2023 a
866 1973 973 2035 Galerio,

64 2042 107 2104 qui
125 2043 274 2106 paulopost
291 2046 408 2104 moritur,
428 2047 454 2094 llt
472 2049 614 2111 Imperator.
646 2045 708 2093 lliuo
725 2059 778 2093 reru
794 2043 920 2108 publieam
937 2050 973 2091 te·

65 2118 123 2158 nent
140 2117 248 2171 quatuor
264 2111 436 2176 imperatores,
448 2113 633 2172 Constantinus,
652 2112 802 2171 Maxentius,
820 2111 931 2160 Lieluius
950 2119 974 2159 et

65 2177 224 2230 Maximinus.
253 2178 393 2230 Maxentius
410 2198 456 2247 per
467 2181 655 2232 Constantinum
673 2181 828 2245 opprimitur.
859 2178 974 2228 Maximi-

65 2261 110 2295 nus
129 2247 250 2296 adversus
269 2249 391 2298 Licinium
404 2265 482 2300 novas
498 2265 539 2299 res
550 2250 651 2300 molitus
666 2251 770 2298 exitium
781 2247 883 2298 fortuita
895 2255 973 2296 morte

63 2317 199 2379 praeuenit.
217 2315 242 2365 5.
253 2313 278 2370 6.
288 2317 399 2368 Licinius
408 2334 423 2368 a
431 2318 591 2370 ConstantIno
603 2318 819 2368 vietusoeoidltur.
837 2316 896 2366 Inde
906 2330 974 2366 sum·

64 2399 119 2434 uuae
136 2400 220 2434 rerum
237 2401 302 2436 unus
321 2385 497 2438 Constantinus
518 2394 632 2455 praeest,
652 2388 694 2450 qui
714 2401 780 2436 novo
798 2385 881 2435 adhue
904 2400 973 2435 more

63 2465 113 2502 tres
132 2451 251 2504 Caesares
266 2464 341 2508 areat.
378 2454 402 2505 7.
421 2456 447 2509 8.
468 2456 622 2508 constantim
639 2470 720 2504 mores
740 2454 872 2504 insolentia
890 2469 972 2505 rerunt

63 2523 229 2588 secundarum
248 2525 273 2574 ln
293 2524 402 2575 deterius
421 2527 508 2576 mutati
526 2535 550 2576 et
566 2525 661 2581 studia3
681 2526 735 2590 ipse
746 2523 839 2574 bellum
851 2524 972 2573 adversus

63 2590 165 2640 Parthos
184 2593 289 2642 moliens
307 2596 419 2646 moritur.
443 2592 537 2648 9-13.
556 2592 697 2644 Succedunt
714 2601 765 2641 tres
778 2593 832 2642 eius
843 2591 895 2652 filii,
908 2591 972 2642 Cou-

63 2660 204 2720 stautinua,
223 2659 344 2711 Constans
362 2671 386 2712 et
406 2662 566 2713 Constantius
585 2677 640 2712 eum
659 2661 791 2721 Dalmatio,
812 2661 894 2710 fratris
912 2661 972 2720 filio,

63 2729 195 2791 equibus,
213 2745 268 2778 eum
288 2733 362 2780 ceteri
380 2732 503 2781 interlecti
520 2739 618 2790 esseut,
637 2739 747 2779 remanet
763 2730 832 2779 solus
852 2729 972 2778 Constan-

63 2796 123 2855 tIue,
142 2796 185 2859 qui
202 2798 265 2847 mule
283 2810 379 2865 pugnat
399 2809 484 2850 eontra
501 2801 598 2859 Persas,
617 2800 793 2849 vetranionem
812 2799 929 2862 opprimit
947 2808 971 2847 et

63 2863 243 2931 Magnentium,
261 2869 332 2916 euius
350 2870 426 2919 duees
444 2878 517 2919 antea
536 2869 709 2934 Nepotianum,
727 2868 821 2917 Romae
838 2868 971 2932 imperato·

63 2948 115 2984 rem
132 2933 234 2994 lactum,
254 2937 436 2998 interiacentem,
449 2937 605 3002 Gallumque,
623 2953 698 3000 quem
715 2938 769 3001 lpse
782 2936 915 2986 Caesarem
935 2936 970 2985 ie·

63 3010 143 3064 cerat,
168 3012 226 3068 post
243 3006 341 3057 oceidit.
366 3005 481 3056 Silvanus
507 3009 532 3056 iu
550 3006 630 3056 Gallia
645 3021 723 3056 novas
745 3021 786 3055 res
803 3005 908 3055 moliens
928 3022 971 3055 ex·

62 3072 205 3137 stinguitur.
235 3070 275 3124 14.
296 3073 454 3125 Constantius
470 3076 593 3126 lulianum
610 3075 742 3126 Caesarem
761 3075 833 3134 iacit,
852 3076 895 3138 qui
912 3091 972 3126 eou-

64 3149 100 3190 tra
118 3139 202 3190 Gallos
221 3150 245 3192 et
260 3142 412 3193 Alamannos
432 3146 523 3195 missus
546 3146 648 3213 egregie
670 3159 710 3194 res
731 3146 804 3211 gerit.
838 3143 878 3198 15.
896 3144 970 3194 Inlin-

62 3223 110 3259 nus
128 3223 143 3258 a
160 3211 417 3279 militibusdugustus
435 3216 602 3277 renuntiatur,
622 3231 671 3279 qun
688 3232 714 3266 re
731 3215 831 3280 eoguita
848 3213 969 3264 Constan-

62 3279 120 3336 tius,
140 3293 196 3328 cum
216 3282 308 3331 omisso
321 3282 420 3334 l‘ersieo
436 3285 501 3336 bello
519 3294 604 3336 eontra
623 3301 681 3335 euru
697 3283 824 3351 profectus
842 3291 921 3342 esset,
943 3285 968 3331 iu

61 3346 149 3396 itiuere
167 3349 227 3402 obit.
263 3351 323 3400 Eius
338 3366 430 3403 morea.
467 3351 507 3406 16.
527 3355 615 3405 Iuliani
630 3362 715 3403 eontra
732 3354 821 3403 Persas
833 3352 969 3417 expeditio,

64 3415 86 3463 in
105 3430 154 3477 quia
170 3416 255 3467 hostili
274 3435 349 3469 manu
367 3422 518 3477 interfloitur.
545 3424 605 3473 Eius
623 3423 720 3483 laudes,
738 3437 819 3472 mores
832 3429 856 3469 et
873 3420 967 3469 studia.
