2266 3832
169 141 212 203 64
517 145 733 203 GUTROPII

234 311 284 371 Ga
293 331 320 370 r.
332 309 368 368 V.
389 307 458 371 llox
468 311 654 386 imperatores
667 309 754 368 creati
765 316 829 368 sunt
842 304 942 369 Gallus
954 308 1095 373 Hostilia·

169 413 221 455 nus
238 403 267 454 ct
279 392 350 454 Galli
363 391 446 469 lilius,
458 391 639 452 Volusianus.
662 392 721 451 Sub
732 392 777 451 bis
783 391 962 453 Aemilianus
977 392 1094 455 inllus-

170 481 212 539 sia
233 497 281 537 res
297 494 386 538 novas
404 476 519 536 molitus
539 485 593 535 est.
625 475 671 535 Ad
686 494 770 555 quem
785 476 1009 554 opprimentium
1032 496 1095 540 cum

168 561 251 621 ambo
263 561 386 639 proiecti
400 569 507 637 essent,
527 557 701 619 Interamnae
711 558 853 618 interfecti
865 568 932 620 sunt
942 577 1006 622 non
1019 578 1095 624 com·

118 672 144 713 p,
171 645 248 723 pleto
263 645 387 706 biennio.
419 642 496 703 Nihil
512 645 624 703 omnino
640 642 745 702 clarum
756 651 917 720 gesseruut.
954 644 1030 705 Sola
1046 663 1095 725 ps·

103 740 159 782 cut.
171 726 294 788 stilentia
307 737 336 787 et
346 727 452 797 morbis
464 736 549 806 atque
561 725 781 805 aegritudinibus
793 734 876 785 notus
894 744 1000 788 eorum
1015 730 1094 813 prin

106 809 152 853 ⁹⁶³·
172 813 281 889 cipatus
300 812 360 871 luit.

234 896 320 956 Gar.
331 891 381 952 Vl.
394 892 460 974 (V.)
482 893 655 954 Aemilianus
667 894 870 953 obscurissime
884 903 970 954 natus
987 896 1096 959 obscu-

170 981 228 1039 rius
240 980 387 1058 imperavit
403 996 437 1037 ac
450 980 534 1037 tertio
547 995 645 1037 mense
658 979 814 1037 exstinctus
826 986 880 1036 est.

235 1063 321 1122 Gar.
336 1058 399 1120 v11.
420 1059 501 1142 (Vl.)
535 1060 607 1120 Hinc
617 1060 741 1121 Licinius
751 1060 929 1138 Valerianus,
948 1062 1093 1126 inRaetia

171 1156 199 1206 et
215 1145 322 1206 Norico
339 1163 438 1223 agens,
464 1145 498 1204 ab
512 1146 639 1204 exercitu
655 1145 809 1223 imperator
824 1153 854 1204 et
863 1160 932 1205 mox
940 1144 1093 1227 Augustus

171 1240 214 1291 est
228 1231 330 1291 factus.
368 1227 513 1289 Gallienus
528 1245 644 1308 quoque
655 1228 764 1288 Romae
781 1236 909 1305 asenatu
925 1226 1042 1292 Caesar
1050 1241 1094 1293 est

170 1315 339 1394 appellatus.
362 1313 625 1391 Hommimperium
639 1312 767 1372 Romano
778 1313 1093 1391 nominipemiciosurn

171 1409 199 1459 et
210 1416 301 1477 paene
314 1397 458 1458 exitiabile
474 1397 527 1456 luit
541 1396 589 1457 vel
600 1395 765 1456 infelicitate
777 1397 936 1475 principum
950 1396 1003 1458 vcl
1015 1400 1092 1479 igrm·

169 1485 226 1542 via.
255 1481 385 1542 Germani
402 1481 564 1541 Ravennam
581 1499 673 1558 usque
693 1488 839 1540 venerunt.
872 1478 1050 1542 Valerianus
1066 1486 1093 1544 in

120 1583 146 1624 r.
169 1565 376 1644 Mesopotamia
390 1563 495 1623 bellum
507 1582 612 1641 gerens
627 1583 643 1623 a
656 1565 776 1641 Sapore,
788 1562 936 1624 Persarum
946 1583 1035 1644 rege,
1048 1586 1092 1627 su·

103 1652 159 1695 ⁰·N·
172 1658 286 1727 peratus
299 1656 361 1725 est,
378 1665 444 1708 mox
456 1648 540 1707 etiam
553 1656 653 1726 captus
669 1646 744 1726 apud
754 1645 873 1708 Parthos
892 1648 1019 1726 ignobili
1034 1669 1092 1711 sor·

106 1721 153 1763 ²³⁹·
169 1735 257 1792 vitute
270 1734 427 1791 consenuit.

236 1817 322 1876 Gur.
339 1813 416 1873 Vlll.
457 1813 601 1874 Gallienus
623 1833 686 1874 cum
705 1813 875 1874 adolescens
897 1813 994 1877 iactus
1013 1826 1094 1879 esset

169 1900 327 1978 Augustus,
343 1900 623 1977 imperiumprimum
637 1898 771 1975 feliciter,
788 1915 856 1958 mox
866 1900 1034 1979 commode,
1058 1901 1092 1963 aul

170 1983 295 2043 ultimum
308 1985 470 2063 perniciose
488 1984 589 2060 gessit.
622 1982 693 2043 Nam
709 1984 819 2043 iuvenis
837 1984 865 2042 in
878 1979 970 2045 Gallia
983 1994 1015 2045 et
1026 1984 1092 2063 llly-

170 2070 231 2128 rico
250 2067 335 2128 multu
358 2076 473 2127 strenue
492 2068 562 2127 fecit
584 2071 683 2127 occiso
704 2067 779 2146 apud
799 2065 922 2125 llursam
945 2066 1090 2146 Ingenuo,

172 2155 219 2234 qui
235 2170 385 2231 purpuram
403 2161 579 2230 sumpserat,
605 2161 634 2211 et
647 2151 814 2229 Regaliano.
844 2149 901 2209 Diu
911 2149 1048 2229 placidus
1065 2162 1093 2214 ot

171 2240 294 2315 quietus,
313 2251 380 2295 mox
391 2238 419 2295 in
430 2251 540 2295 omnem
553 2235 697 2294 lasciviam
713 2234 878 2311 dissolutus,
893 2235 1040 2297 tenendae
1050 2238 1091 2298 rei

170 2319 303 2397 publicae
315 2320 439 2379 habenas
450 2321 590 2397 probrosa
601 2320 712 2396 ignavia
720 2328 749 2378 et
761 2318 963 2397 desperatione
975 2318 1091 2382 laxavit.

170 2401 314 2462 Alamanni
337 2405 453 2461 vastatis
477 2401 574 2462 Galliis
590 2403 619 2461 in
637 2400 745 2462 ltaliam
767 2411 999 2480 penetraverunt.
1034 2404 1092 2467 Da·

173 2488 232 2559 cia,
257 2503 331 2563 quac
348 2484 494 2545 aTraiano
512 2484 583 2545 ultra
594 2485 753 2547 Danubium
767 2487 860 2546 fuerat
873 2484 1004 2565 adiecta,
1033 2498 1092 2550 tum

172 2571 274 2628 amissa
286 2578 339 2628 est.
367 2567 495 2646 Graecia,
508 2569 685 2647 lllacedonia,
702 2569 819 2648 Pontus,
834 2569 904 2630 Asia
914 2579 1028 2633 vastam
1040 2590 1093 2655 per

173 2651 292 2713 Gothos.
330 2649 471 2712 Pannonia
492 2672 507 2713 a
532 2654 665 2714 Sarmatis
687 2652 1013 2733 Quadisque'populata
1036 2666 1091 2718 est

173 2734 303 2795 Germani
322 2755 413 2814 usque
429 2736 464 2795 ad
480 2737 629 2815 Hispanias
650 2747 868 2817 penetraverunt
890 2747 920 2797 et
944 2741 1093 2802 civitatem

170 2820 294 2879 nobilem
316 2819 503 2880 Tarraconem
528 2831 768 2900 expugnaverunt.
809 2820 903 2883 Parthi
920 2820 1093 2905 Mesopota·

171 2905 225 2962 mia
240 2912 378 2982 occupata
389 2904 498 2978 Syrium
508 2905 562 2964 sibi
578 2915 735 2984 coeperunt
748 2906 903 2968 vindicare.

236 2987 319 3048 Gar.
337 2985 386 3047 IX.
405 2987 499 3069 (Vll.)
530 2988 664 3050 Tumiam
676 2989 837 3068 desperatis
848 2991 934 3050 rebus
947 2998 978 3050 et
992 2989 1093 3054 deleto

171 3088 264 3148 paene
280 3073 399 3149 imperio
412 3071 539 3132 Romano
550 3071 699 3133 Postumus
712 3076 740 3134 in
757 3074 858 3153 Gallia,
881 3075 1094 3139 obscurissime

171 3163 262 3232 uatus,
277 3173 426 3233 purpuram
437 3159 557 3235 sumpsit
569 3166 597 3216 et
608 3174 661 3235 per
671 3159 868 3220 aunosdecem
877 3160 915 3219 ita
925 3161 1093 3241 imperavit,

172 3247 202 3299 ut
220 3249 402 3318 consumptas
415 3257 507 3318 paene
519 3243 680 3319 provincias
699 3244 806 3321 ingenti
823 3245 927 3303 virtute
943 3251 975 3304 et
990 3244 1094 3310 moue·

172 3323 280 3383 ratione
291 3327 475 3402 reparaverit.
498 3323 552 3398 Qui
564 3325 705 3385 seditione
719 3327 836 3386 militum
848 3327 1019 3389 interfectus
1034 3340 1095 3411 est,
