2266 3832
283 210 492 273 msronma
512 210 705 271 nonanta
727 212 767 285 n,
789 220 832 273 aa.
847 218 891 274 aa.
1030 210 1072 273 53

95 366 167 441 pelo
182 372 212 423 et
226 362 257 423 0.
274 363 397 422 caesari
412 363 592 437 contigerat)
613 379 668 437 pro
684 371 826 437 praetore
840 382 901 425 una
917 381 985 425 cum
1000 383 1072 427 con·

95 446 212 509 sulibus
234 444 403 520 designatis
423 445 518 506 Hirtio
539 453 570 505 et
588 444 690 505 Pansa
712 447 823 507 bellum
849 464 917 507 cum
937 451 1072 511 Antonio

94 546 203 607 gerere
226 528 325 589 iussit.
360 529 421 601 [Id]
444 528 482 587 ab
505 543 543 588 eo
564 546 674 589 annum
688 537 798 603 agente
819 531 996 592 vicesimum
1012 534 1102 593 lor-l

95 614 213 675 tissime
235 614 317 672 circa
335 611 480 672 Mutinam
506 613 747 673 administratum
774 622 822 674 est
848 622 878 675 et
903 617 938 675 D.
960 616 1072 677 Brutus

99 697 261 759 obsidione
276 695 436 767 liberatus,
451 695 604 755 Antonius
618 696 699 771 turpi
714 712 751 755 ac
764 698 847 758 nuda
862 700 934 772 luga
948 708 1073 760 coactus

96 783 240 842 deserere
252 779 384 851 ltaliam,
405 779 565 839 consulum
578 788 678 840 autem
690 782 765 840 alter
776 781 807 839 in
820 781 900 855 acie,
918 783 992 842 alter
1004 792 1075 858 post

97 878 215 940 paucos
230 862 297 922 dies
313 878 352 921 ex
367 864 492 922 vulnere
506 869 633 922 mortem
649 863 731 923 obiit.

180 946 268 1007 LXll.
310 944 417 1005 Omnia
436 953 506 1005 ante
522 963 612 1021 quam
628 948 783 1020 fugaretur
796 948 962 1022 Antonius,
977 946 1073 1008 hono·
1089 964 1101 1012 1

96 1032 182 1091 rifice
208 1036 349 1089 asenalu
374 1029 404 1089 in
420 1028 583 1088 Caesarem
607 1030 836 1105 exercitumque
862 1031 928 1090 eius
951 1032 1074 1091 decreta

98 1123 182 1183 sunt,
209 1111 339 1171 inaximo
364 1118 489 1171 auctore
505 1113 665 1181 Cicerone;
687 1114 744 1172 sed
763 1122 796 1174 ut
816 1116 946 1175 recessit
966 1124 1073 1189 metuS,

98 1199 198 1272 erupit
218 1198 359 1255 voluntas
380 1196 581 1270 protinusque
601 1195 795 1270 Pompeianis
823 1199 960 1271 partibus
984 1199 1076 1258 rediit

99 1280 228 1341 animus.
257 1279 350 1339 Bruto
372 1278 542 1353 Cassioque
557 1279 746 1354 provinciae,
764 1295 840 1352 quas
859 1281 918 1339 iam
933 1282 992 1355 ipsi
1007 1282 1103 1343 sinet

99 1366 161 1425 ullo
182 1370 306 1423 senatus
332 1363 471 1422 consulto
498 1370 737 1438 occupaverant,
766 1363 923 1435 decretae,
952 1365 1074 1438 laudati,

100 1445 531 1523 quicunquehisseexercitus
539 1446 745 1517 tradidissent,
761 1448 862 1505 omnia
875 1448 1076 1506 transmarina

98 1530 226 1605 imperia
246 1544 351 1588 eorum
371 1529 536 1589 commissa
558 1529 689 1589 arbitrio.
727 1528 845 1604 Quippe
864 1529 904 1588 M.
918 1531 1032 1589 Brutus
1047 1539 1102 1591 ett

101 1613 131 1673 G.
141 1612 281 1683 cassius,
298 1629 378 1671 nunc
393 1619 562 1673 metuentes
576 1613 795 1685 arnmAntoui‚
812 1628 892 1673 nunc
907 1613 947 1671 ad
962 1629 1075 1687 augen-

101 1698 170 1755 dam
185 1697 251 1754 cius
273 1696 415 1754 invidiam
437 1697 612 1757 simulantes
635 1712 668 1754 sc
683 1704 831 1768 metuere,
853 1698 953 1756 testati
968 1698 1075 1757 edictis

101 1780 229 1839 libenter
239 1793 274 1837 se
285 1781 333 1837 vel
345 1779 375 1837 in
388 1788 536 1853 perpetuo
549 1780 639 1839 exilio
653 1781 802 1850 victuma,
816 1781 887 1839 dum
899 1781 1075 1854 respublica

101 1869 256 1922 constaret
269 1870 298 1921 et
312 1863 493 1934 concordia,
509 1879 566 1922 nec
580 1865 671 1923 ullam
685 1863 755 1921 belli
771 1863 868 1923 civilis
883 1865 1076 1937 praebituros

100 1946 272 2013 materiam,
289 1945 448 2017 plurimum
463 1946 521 2004 sibi
536 1945 661 2005 lionoris
674 1961 746 2004 esse
762 1948 790 2005 in
806 1948 991 2006 conscientia
1006 1948 1077 2007 lacti

102 2031 163 2097 sui,
183 2029 309 2100 proiecti
326 2027 402 2085 urbe
417 2033 507 2100 atque
522 2027 608 2085 ltalia
621 2029 734 2088 intento
750 2044 785 2087 ac
807 2030 874 2102 pari
895 2030 995 2088 animo
1011 2031 1078 2089 sine

103 2110 281 2170 auctoritate
298 2110 418 2183 publica
429 2111 604 2183 provincias
617 2112 830 2184 exercitusque
842 2122 1077 2185 occupaverant,

104 2203 135 2254 et
146 2192 318 2267 ubicunque
333 2194 392 2266 ipsi
407 2200 524 2265 essent,
542 2200 755 2266 praetexentes
766 2209 837 2253 esse
850 2196 1077 2270 rempublicam,

103 2277 250 2353 pecunias
266 2276 371 2347 etiam,
388 2291 467 2351 quae
482 2291 520 2334 ex
540 2276 749 2336 transmarinis
772 2278 937 2352 provinciis
953 2278 1079 2339 Romam

103 2363 142 2420 ab
160 2358 374 2433 quaestoribus
390 2360 643 2433 deportabantur,
666 2362 870 2421 avolentibus
886 2370 1079 2436 acceperant.

104 2445 188 2518 Quae
209 2444 311 2502 omnia
329 2452 454 2503 senatus
476 2444 607 2503 decretis
628 2459 812 2517 comprensa
833 2454 862 2504 el
883 2445 1109 2519 comprobata4

104 2536 175 2587 sunt
189 2535 220 2587 et
233 2527 267 2587 l).
282 2528 393 2600 Bruto,
410 2529 495 2603 quod
510 2528 608 2587 alieno
624 2529 774 2589 beneficio
790 2530 921 2602 viveret,
938 2530 1080 2589 decretus

104 2611 290 2685 triumphus;
312 2610 432 2671 Pansae
447 2619 538 2685 atque
549 2611 624 2671 Hirti
640 2628 772 2687 corpora
787 2614 908 2688 publica
923 2614 1081 2688 sepultura

105 2695 271 2754 honorata:
298 2693 439 2754 Caesaris
464 2697 543 2754 adeo
560 2696 642 2755 nulla
658 2696 760 2756 habita
782 2698 912 2769 mentio,
940 2705 971 2756 ut
990 2696 1082 2771 legali

104 2778 157 2851 qui
168 2777 208 2835 ad
220 2780 386 2837 exercitum
399 2779 464 2837 eius
480 2778 566 2838 missi
578 2787 678 2851 erant,
694 2778 869 2839 iuberentur
880 2788 1032 2841 summoto
1045 2794 1082 2839 eo

104 2860 213 2919 milites
226 2862 361 2935 adloqui.
396 2861 462 2921 Non
484 2862 539 2921 luit
559 2869 618 2920 tam
639 2863 775 2935 ingratus
796 2864 965 2935 exercitus,
991 2880 1111 2937 quamn

106 2946 350 3003 lueratsenatus:
366 2960 434 3003 num
444 2944 961 3005 cumeaminiuriumdissimulando
972 2947 1084 3005 Caesar

105 3028 213 3099 terret,
229 3044 381 3101 negavere
394 3028 504 3086 milites
521 3028 588 3087 siue
600 3028 784 3102 imperatore
800 3043 856 3087 suo
873 3031 934 3087 ulla
950 3044 985 3087 se
999 3029 1084 3087 audi-

106 3117 191 3170 turos
216 3112 367 3170 mandata.
400 3112 467 3170 Hoc
489 3117 537 3169 cst
553 3112 626 3170 illud
644 3120 777 3185 tempus,
796 3128 857 3184 quo
874 3111 980 3172 Cicero
995 3112 1114 3171 insitoti

106 3208 211 3254 amoro
230 3194 485 3269 Pompeianarum
508 3196 637 3268 partium
661 3196 822 3254 Caesarem
846 3197 1032 3255 laudandum
1055 3202 1084 3253 et

106 3278 272 3337 tollendum
285 3278 440 3351 censebat,
448 3294 517 3337 cum
524 3279 607 3337 aliud
615 3280 738 3350 diceret,
748 3278 830 3338 aliud
840 3280 971 3353 intellegi
984 3278 1084 3337 vellet.

190 3362 291 3421 LXlll.
334 3361 457 3419 Interim
476 3362 628 3421 Antonius
658 3362 730 3434 luga
761 3370 974 3437 transgressus
997 3358 1115 3433 Alpisl

109 3444 206 3517 primo
222 3462 277 3519 per
291 3444 454 3517 conloquia
470 3446 614 3519 repulsus
628 3441 647 3503 a
661 3444 700 3503 M.
716 3445 849 3519 Lepido,
865 3447 930 3519 (qui
946 3444 1083 3519 pontilcx
