2266 3832
242 212 348 259 runnu
364 211 592 261 nenorosus.
621 194 679 261 VI.
695 198 771 261 VII.
796 200 889 264 VIII.
1047 174 1076 270 ⁹7

61 374 99 432 et
115 363 271 455 Icarium,
315 384 377 428 uae
392 363 569 428 adhaerent
581 364 714 451 Aegaeo
729 358 827 450 mari,
850 369 933 434 illud
950 392 970 433 a
986 362 1085 459 Myr*-

59 449 139 532 tilo,
160 446 224 514 hoc
243 446 285 512 ab
327 458 402 512 earo
422 469 460 513 co
507 448 665 532 ominats3
685 448 854 517 Euxinum
890 451 1101 538 Ponticums

54 534 153 682 “puod
173 532 299 617 Ingenti
319 532 393 595 sinu
414 468 507 618 soff
858 500 888 600 le
929 534 933 541 ’

56 634 62 705 Ἰ
78 628 160 680 auce
180 614 408 709 transmissum
426 529 860 719 inteildriblsfudiilbtblhhihidi
882 546 1075 722 33:303?

35 697 898 930 fffiddss⁰l239il¹sf¹⁰hhlftpiffnii⁰yimut
912 706 1076 886 qihiii

53 862 518 1036 Ιἒξέἕῗιιιιιθιὲιιοιὲ.ἒυῖζυιξιοιιιιι
539 888 560 929 a
602 888 645 930 ua
668 889 707 931 us
724 867 876 954 Syrtrbus
898 873 1074 957 recrprocis

293 1081 389 1146 VIII.
426 1082 664 1149 MIRACVLA
686 1085 846 1149 MVNDI.

25 1232 54 1275 ιο
148 1201 309 1267 Miraeu'la
324 1198 410 1266 ''uae
432 1204 467 1265 in
488 1205 584 1266 terris
608 1214 693 1267 sunt.-
736 1204 789 1268 Ab
808 1204 1026 1292 Apolloniae*
1041 1214 1098 1270 ett

61 1285 279 1375 cathamantie
293 1223 383 1348 milia
397 1287 512 1372 passus
532 1287 675 1376 quinque
688 1290 723 1350 in
739 1294 848 1353 monto
863 1286 1073 1389 Nymphaeo:

57 1370 142 1435 tbi·
190 1370 218 1432 's
241 1378 291 1451 est
314 1377 346 1433 et
367 1370 516 1434 deterre
542 1372 611 1434 exit
630 1368 770 1436 flamma.
814 1372 855 1435 In
873 1374 957 1437 silva
970 1371 1073 1437 Panis

61 1391 257 1543 symffrinia
274 1454 309 1516 in
325 1452 479 1539 oppidum
499 1453 639 1518 auditur.
675 1454 758 1519 Item
776 1455 891 1520 subeo
909 1466 1019 1521 monte
1038 1457 1075 1519 in

61 1559 177 1623 campo
199 1535 290 1601 lacus
318 1558 421 1623 aquae
443 1536 548 1623 pleni,
579 1536 655 1601 inde
681 1541 740 1624 pix
763 1541 831 1604 exit
856 1550 888 1604 et
908 1540 1073 1605 bitumen:

24 1638 138 1686 mcum
163 1620 313 1685 manibus
342 1618 534 1706 subplodas,
563 1622 623 1720 pix
650 1621 715 1686 alte
743 1622 903 1688 attollitur
925 1634 956 1688 et
978 1618 1075 1710 quasi

59 1706 105 1770 ab
122 1727 206 1791 aqua
220 1703 381 1768 bullescit.
424 1703 619 1769 Ambraciae
636 1707 671 1769 in
683 1705 784 1793 Epiro
803 1709 837 1770 in
853 1709 979 1793 pariete
995 1716 1100 1776 sunta

58 1790 142 1876 picti
164 1787 280 1853 Castor
302 1796 334 1852 et
354 1786 476 1851 Pollux
501 1797 532 1852 et
553 1787 681 1854 Helena
707 1813 805 1854 mann
833 1790 1073 1872 autochthonis,

61 1884 97 1937 et
121 1892 215 1937 nemo
243 1893 284 1935 ne
307 1893 348 1934 ue
376 1873 524 1935 inveniro
546 1881 653 1956 potest
679 1876 751 1958 quis
772 1876 925 1972 pinxerit.
971 1876 1101 1959 Argist

62 1956 99 2020 in
109 1954 211 2041 Epiro
227 1895 314 2043 quod
325 1954 571 2041 Hippobotona'
617 1956 748 2020 ellatur:
772 1959 818 2021 rbi
836 1980 919 2044 pons
932 1978 1073 2042 magnus

22 2038 265 2105 aecolumnatus
288 2036 424 2124 duplex,
452 2061 548 2125 quem
568 1978 686 2103 iliaca
707 2041 873 2105 aedificari
894 2042 1074 2125 imperasse

60 2124 179 2188 fertur.
237 2121 288 2186 Ibi
319 2123 407 2208 picta
440 2130 515 2186 sunt
545 2121 768 2207 gubernacula
796 2124 1073 2208 Argonautarum,

60 2208 188 2285 †'uae
216 2227 274 2271 coe
296 2213 331 2269 ta
360 2207 471 2269 navis:
508 2206 554 2271 ibi
583 2206 672 2270 Iovis
700 2206 855 2292 templum
881 2206 1073 2292 Trophonii,

58 2228 148 2355 unic
170 2299 219 2354 est
239 2312 259 2353 a
300 2289 422 2353 inferos
445 2290 620 2354 descensus
645 2290 687 2353 ad
708 2289 870 2355 tollendas
893 2300 1014 2354 sortes:
1038 2289 1074 2353 in

61 2396 126 2461 quo
155 2372 226 2440 loco
258 2373 409 2437 dicuntur
438 2375 461 2436 ii
484 2376 539 2458 qui
568 2373 804 2438 descenderunt
826 2374 940 2439 Iovem
965 2375 1074 2459 ipsum

25 2454 188 2522 revidere.
231 2456 384 2521 Leucade
403 2478 511 2539 mons,
540 2457 627 2522 unde
649 2481 683 2521 so
707 2457 837 2543 Sappho
859 2458 978 2522 deiecit
999 2469 1101 2543 pro-⁴

60 2550 136 2627 pter
150 2541 272 2604 virum:
294 2543 330 2604 in
347 2563 470 2605 summo
488 2550 596 2605 monte
615 2542 727 2605 fanum
747 2551 796 2606 est
813 2540 995 2627 Apollinis,
1015 2539 1073 2604 ubi

62 2644 157 2688 sacra
177 2623 274 2707 fiunt3
298 2634 330 2688 ct
351 2646 424 2688 cum
444 2624 539 2689 horno
554 2624 631 2689 inde
651 2625 796 2707 desiluit,
820 2626 928 2689 statim
951 2625 1024 2689 cxci
1048 2624 1072 2687 i·

60 2718 116 2773 tur
135 2707 297 2772 lintribus.
343 2706 483 2793 Sicyone
504 2710 538 2771 in
549 2707 674 2771 Achaia
694 2710 729 2772 in
750 2709 820 2773 foro
843 2708 934 2773 aedis
945 2646 1101 2793 Apohi-rs

60 2792 114 2855 nis
136 2799 200 2855 est:
223 2793 258 2854 in
279 2813 317 2855 ea
337 2801 412 2855 sunt
423 2792 530 2876 posita
540 2793 794 2874 Agamemnonis
812 2793 936 2878 clipeus
956 2800 989 2854 et
1006 2812 1073 2854 ma-

23 2872 197 2956 eochaera,
217 2874 327 2939 Ulixis
349 2872 496 2959 chlamys
517 2883 548 2937 et
570 2873 766 2956 thoracium,
788 2875 908 2939 Teucri
934 2876 1073 2958 sagittae

62 2960 97 3022 et
123 2974 235 3042 arctam
266 2958 402 3023 Adrasti
426 2979 517 3039 arca,
540 2979 638 3042 quarn
660 2956 825 3043 deposuit,
849 2960 883 3022 in
909 2979 974 3044 qua
994 2956 1074 3044 quid

62 3040 106 3105 sit
132 3042 318 3127 ignoratur3
352 3041 410 3106 sed
435 3051 467 3104 et
488 3040 553 3106 olla
573 3061 670 3103 aerea
691 3042 726 3104 in
747 3064 811 3128 qua
828 3041 938 3106 Pelias
961 3049 1073 3106 coctus

62 3120 197 3189 dicitur:
212 3127 290 3190 item
301 3123 486 3189 Palamedis
498 3124 641 3188 litterae:
662 3124 814 3211 Marsyae
826 3134 934 3191 autem
947 3124 1073 3209 †quae·

83 3228 146 3272 uae
175 3212 314 3292 corium,
347 3210 429 3272 remi
451 3208 712 3291 Argonautarum
735 3231 807 3271 cum
829 3206 1071 3293 gubernaculis.

28 3230 237 3368 seiBrachia
255 3292 414 3374 calculus,
437 3313 533 3378 quern
543 3289 693 3353 Minerua
710 3295 824 3356 sortita
841 3300 890 3355 cst
902 3291 943 3355 de
955 3290 1074 3355 Oreste

63 3374 153 3439 ***ε
181 3399 247 3440 una
271 3377 363 3465 proci
389 3375 525 3461 parasiti
552 3372 641 3458 palla
663 3374 799 3459 pendet,
829 3396 926 3461 quam
948 3372 978 3437 si
998 3374 1073 3473 puio

64 3456 166 3523 halitu
187 3460 363 3540 afflaverit,
392 3468 459 3523 tota
480 3456 607 3542 patefit:
635 3454 818 3542 Penelopae
838 3454 913 3521 tela.
959 3452 1070 3521 Ibide
