2266 3832
476 224 503 307 Ι,
516 226 556 287 22
570 221 617 311 [11,
629 223 672 312 61.
1026 227 1067 289 33

10 452 23 469 ,
62 395 241 492 hastaeque
261 391 426 456 subiectus
444 391 571 454 invenit
588 398 774 474 emptorem.
805 389 910 455 voluit
923 390 1068 455 Annibal
1077 399 1117 452 48

10 480 33 545 ζ’
63 487 177 544 eontra
187 475 308 539 imitari
324 472 477 538 fiduciam
489 472 691 558 subiecitque
703 475 905 557 argentarias
919 472 1010 537 urbis
1020 482 1068 537 ta-

10 562 18 639 ζ
63 560 201 640 bernas3
214 579 277 622 nec
287 562 393 622 sector
404 559 556 620 inventus
569 565 626 638 est,
639 565 676 619 ut
687 557 771 620 scias
784 557 881 621 etiam
896 558 1069 642 praesagia

10 644 16 711 ἶ
63 643 140 707 fatis
156 641 313 706 adfuisse.
549 642 554 653 ¹

45 750 58 791 s
146 723 239 789 Nihil
255 732 363 787 actum
379 732 449 786 erat
465 731 556 786 tanta
574 724 708 803 virtute,
736 732 826 787 tanto
842 723 955 787 favore
971 724 1069 788 etiam
1077 744 1112 795 49

64 810 210 889 deornm,
229 808 258 870 si
274 805 406 892 quidem
423 805 465 869 ab
479 805 639 892 Hispania
649 805 839 870 Hasdrubal
854 806 955 870 frater
966 806 1069 869 Anni·

63 891 149 957 halis
168 911 243 954 cum
259 890 405 953 exercitu
417 910 512 970 novo,
531 891 625 954 novis
636 889 772 969 viribus,
790 910 876 954 nova
894 889 973 953 belli
984 889 1068 953 mole

63 972 229 1039 veniebat.
248 980 356 1035 actum
367 981 437 1034 erat
446 971 560 1057 procul
571 972 680 1053 dubio,
697 973 725 1035 si
736 972 855 1035 virille
873 993 908 1034 se
921 971 1111 1035 cumfra-oo

63 1056 297 1121 treiunxisset.
320 1062 370 1118 set
380 1053 466 1117 hunc
478 1075 613 1141 quoque,
631 1064 756 1118 tantum
767 1054 854 1140 quod
865 1053 907 1118 ab
918 1054 1003 1139 Alpe
1014 1055 1068 1119 de·

33 1138 254 1219 roscenderat,
282 1145 361 1223 aput
381 1136 565 1200 Metaurum
592 1147 891 1201 castrametantem
913 1137 1069 1203 Claudius

62 1222 154 1287 Nero
173 1242 248 1285 cum
262 1219 360 1283 Livio
378 1217 559 1284 Salinatore
577 1219 729 1284 debellat.
761 1219 849 1284 Nero
870 1222 905 1283 in
921 1220 1108 1290 ultimumsr

62 1305 183 1371 Italiae
200 1302 356 1388 angulum
374 1312 592 1368 summoverat
608 1302 814 1384 Annibalem,
837 1302 953 1367 Livius
970 1305 1005 1366 in
1022 1302 1069 1366 di·

61 1388 291 1453 versissimam
301 1396 436 1471 partem,
449 1385 484 1450 id
496 1394 545 1450 est
555 1388 589 1447 in
599 1387 687 1533 iqtsas
697 1387 859 1449 nascentis
871 1384 986 1448 Italiae
1000 1385 1069 1448 fau-

62 1492 121 1537 ces
135 1472 231 1555 signa
241 1477 456 1535 converterat.
479 1471 604 1550 tanto‚i
637 1478 687 1532 est
698 1470 793 1550 omni,
806 1490 869 1555 qua
878 1468 933 1533 lon
957 1468 1110 1532 issimaat

27 1574 54 1620 rs
65 1564 120 1619 eet
131 1552 238 1635 Italia,
257 1551 326 1617 solo
345 1553 564 1633 interiacente,
584 1573 646 1638 quo
663 1552 810 1633 consilio,
830 1573 894 1638 qua
905 1490 1070 1615 celeritate

63 1636 219 1704 consules
241 1644 348 1700 costra
373 1635 632 1716 coniuncxerint‚
661 1636 714 1699 ino
738 1637 924 1720 inatumque
946 1634 1071 1698 hostem

62 1718 208 1787 conlatis
220 1719 326 1802 signis
337 1720 565 1816 oppresserint,
583 1739 688 1803 neque
705 1657 740 1782 id
757 1717 828 1783 fieri
842 1716 988 1782 Annibal
1000 1738 1070 1781 sen-

64 1804 156 1885 serit,
176 1800 311 1868 difficile
328 1800 418 1865 drctu
434 1811 492 1864 est.
533 1811 620 1865 certe
636 1800 780 1865 Annibal
796 1824 832 1865 re
848 1805 978 1886 cognita
994 1811 1110 1865 sumet

88 1886 251 1952 roiectum
262 1885 373 1948 fratris
385 1893 482 1968 caput
498 1883 541 1947 ad
552 1906 610 1947 sua
622 1893 728 1948 eastra
738 1884 885 1966 vidisset,
904 1889 1070 1969 ‘agnosco’

24 1970 174 2055 temquit
198 1965 435 2031 ‘infelicitatem
455 1966 684 2051 Carthaginis!
714 1967 795 2031 haec
815 1968 877 2030 fuit
898 1967 986 2031 illius
1009 1967 1073 2029 viri

61 2052 221 2201 qen-sine
243 2050 417 2135 praesagio
435 2049 575 2134 quodam
591 2049 652 2113 fati
669 2051 856 2114 inminentis
878 2052 983 2135 prima
998 2070 1072 2113 con·

79 2155 179 2200 essro.

150 2216 222 2282 Iam
242 2226 366 2281 certum
387 2224 456 2280 erat
477 2214 674 2280 Annibalem
699 2216 797 2278 etiam
818 2217 922 2300 ipsius
945 2213 1071 2278 confes·
1081 2233 1116 2283 54

64 2302 158 2367 sione
167 2322 266 2387 posse
275 2300 380 2381 vinci3
393 2299 452 2363 sed
461 2307 509 2364 tot
518 2321 627 2362 rerum
637 2320 864 2383 prosperarum
876 2298 995 2362 fiducia
1005 2296 1072 2382 ple-

25 2402 131 2449 tonus
152 2382 292 2470 populus
314 2382 479 2446 Romanus
500 2404 553 2445 ma
576 2384 610 2444 ni
630 2380 837 2463 aestimabat,
859 2382 1073 2467 asperrimum

62 2468 194 2533 hostem
210 2468 246 2530 in
264 2487 323 2530 sua
332 2465 448 2528 Africa
463 2404 638 2529 debellare.
665 2465 748 2529 duce
764 2465 864 2549 igitur
876 2463 1026 2562 Scipione
1036 2465 1116 2534 inas

62 2554 174 2637 ipsam
184 2549 332 2615 Africam
347 2557 415 2613 tota
425 2550 509 2613 mole
520 2569 697 2613 conversus
714 2549 834 2611 imitari
853 2557 959 2632 coeprt
970 2547 1071 2610 Anni-

63 2632 177 2699 balem
193 2641 226 2696 et
241 2631 358 2697 Italiae
376 2652 454 2695 suae
472 2631 581 2696 clades
598 2633 634 2694 in
650 2631 766 2694 Africa
782 2633 960 2695 vindicare.
992 2651 1072 2717 quas
1082 2653 1116 2704 55

64 2716 134 2798 ille,
153 2715 201 2780 dii
217 2715 305 2797 boni,
322 2714 541 2779 Hasdrubalis
559 2715 670 2800 copias
688 2714 784 2795 fudit,
810 2737 890 2800 quos
913 2712 1072 2811 Syphacis

28 2798 237 2867 aoNumidici
259 2799 346 2882 regis
370 2798 546 2884 equitatus!
587 2819 670 2883 quae
697 2806 816 2883 quanta
838 2819 880 2862 ue
905 2807 1073 2881 utriusque

65 2882 185 2949 classis
198 2891 305 2946 castra
316 2879 444 2944 facibus
461 2880 572 2944 inlatis
589 2902 654 2944 una
671 2891 765 2945 nocte
776 2820 913 2944 delevit!
934 2879 1072 2965 denique

65 2968 136 3031 iam
146 2986 213 3031 non
223 2986 243 3028 a
255 2966 350 3029 tertio
362 2962 480 3049 lapide,
500 2963 558 3027 sed
569 2965 657 3048 ipsas
672 2963 879 3047 Carthaginis
890 2973 1001 3048 portas
1018 2961 1072 3027 ob·

67 3049 198 3115 sidione
213 3046 390 3135 quatiebat.
422 3050 469 3110 sic
484 3049 606 3111 factum
622 3056 659 3110 ut
677 3047 900 3110 inhaerentem
916 3056 1013 3132 atque
1025 3047 1072 3107 in·
1082 3059 1115 3108 57

67 3130 245 3197 cubantem
255 3130 371 3195 Italiae
384 3139 590 3216 extorqueret
600 3129 807 3194 Annibalem.
822 3152 888 3195 non
899 3130 962 3193 fuit
972 3128 1075 3192 maior
1085 3138 1119 3189 58

34 3241 62 3284 as
73 3214 136 3280 sub
147 3215 283 3300 imperio
295 3215 440 3279 Romano
452 3214 521 3278 dics
533 3235 628 3299 quam
639 3213 703 3295 ille,
722 3235 796 3278 cum
810 3215 873 3279 duo
885 3213 1027 3278 omnium
1043 3218 1074 3271 et

68 3307 167 3363 antea
177 3308 211 3362 et
220 3307 334 3383 postea
345 3297 465 3362 ducum
473 3299 613 3361 maxime
625 3298 733 3378 duces,
745 3297 801 3360 ille
816 3296 939 3375 Italiae,
952 3294 1005 3356 hic
1015 3291 1074 3355 Hi-

70 3383 205 3469 spaniae
216 3384 330 3461 victor,
343 3380 480 3446 conlatis
492 3382 668 3446 comminus
687 3381 788 3526 siquis
801 3380 949 3442 direxere
960 3377 1073 3439 aciem.

69 3464 131 3528 *ed
143 3473 176 3529 et
185 3463 392 3551 conloquium
403 3464 465 3529 fuit
475 3466 559 3527 inter
570 3465 658 3550 ipsos
670 3464 711 3527 de
735 3462 849 3546 cgibus
862 3462 952 3607 pagis
969 3468 1001 3522 et
1013 3468 1075 3523 ste-

116 3570 213 3604 ...no-2
