2266 3832
168 233 211 297 48
516 237 736 297 EUTROPll

239 403 324 463 Gna,
347 403 396 464 lX.
430 403 514 463 Nullo
538 413 667 481 tempore
696 422 744 462 res
766 402 892 463 Romana
915 403 1015 480 magis
1043 402 1093 464 flo-

170 489 234 546 ruit.
269 487 339 547 Nam
362 491 491 566 exceptis
515 487 645 547 civilibus
666 486 764 563 bellis,
791 485 941 564 inquibus
964 487 1092 559 inuictus

171 571 233 646 luit,
246 570 374 631 Romano
386 572 489 631 adiecit
501 573 620 648 imperio
626 570 799 648 Aegyptum,
813 568 1010 646 Cantabriam,
1024 570 1091 631 Dal·

171 656 296 731 matiam,
320 674 407 734 saepe
425 664 489 716 ante
501 658 625 730 victam,
650 654 701 713 sed
714 656 825 733 penitus
840 661 907 712 tuuc
925 653 1089 731 subactam,

170 737 350 816 Pannoniam,
370 739 565 821 Aquitaniam,
587 737 740 815 Illyricum,
758 737 896 812 Raetiam,
914 735 1090 798 Vindelicos
1116 736 1119 744 '

172 831 201 881 et
219 822 350 883 Salassos
370 827 398 883 in
409 824 542 900 Alpibus,
563 838 661 882 omnes
673 821 752 881 Ponti
770 821 920 880 maritimas
939 822 1087 899 civitates,

171 907 199 964 in
211 907 254 965 his
266 908 454 967 nobilissimas
462 906 621 985 Bosporum
632 905 883 984 etPanticapaeou.
902 904 982 965 Vicit
993 914 1089 966 autem

171 990 288 1066 proeliis
314 992 419 1050 Dacos.
464 988 663 1051 Germanorum
691 992 821 1067 ingentes
842 988 945 1067 copias
967 989 1087 1066 cecidit,

169 1075 249 1150 ipsos
264 1091 380 1152 qnoque
391 1083 467 1133 trans
478 1073 572 1133 Albim
588 1074 701 1133 iluvium
713 1073 864 1149 submovit,
883 1073 931 1151 qui
944 1073 973 1131 iu
985 1073 1088 1134 barba·

168 1158 230 1215 rico
241 1157 328 1234 longe
340 1157 411 1217 ultra
422 1157 550 1217 Rhenum
563 1167 616 1217 est.
647 1157 710 1218 lloc
721 1166 813 1217 tamen
828 1155 934 1216 bellum
947 1174 1003 1234 per
1013 1156 1087 1217 Dru·

169 1258 230 1298 sum
248 1243 407 1319 privignum
424 1260 505 1301 suum
521 1241 741 1316 administravit,
765 1242 839 1300 sicut
855 1256 908 1318 per
925 1239 1086 1318 Tiberium,

170 1326 328 1403 privignum
340 1325 469 1403 alterum,
483 1325 681 1402 Pannonicum,
699 1342 755 1405 quo
768 1323 845 1383 bello
857 1344 893 1383 an
904 1323 982 1384 milia
996 1327 1086 1403 capti·

168 1424 268 1468 vorum
287 1427 323 1468 ex
346 1408 492 1469 Germania
515 1409 654 1469 transtulit
674 1418 703 1468 et
723 1426 809 1485 supra
833 1409 921 1486 ripam
940 1407 1038 1468 Rheni
1058 1410 1086 1468 in

170 1489 259 1551 Gallia
272 1491 433 1552 collocavit.
456 1492 616 1552 Armeniam
632 1511 647 1552 a
663 1491 773 1552 Parthis
790 1492 911 1568 recepit.
943 1490 1084 1568 Obsides,

170 1574 245 1651 qnod
258 1575 325 1634 nulli
337 1586 430 1652 antea,
448 1575 551 1635 Persae
564 1578 590 1635 ei
602 1576 749 1636 deleniat.
785 1574 982 1634 Reddiderunt
998 1578 1085 1636 etiam

169 1660 250 1734 signa
260 1658 396 1737 Romana,
412 1678 485 1737 quae
497 1656 602 1720 Crasso
613 1663 690 1721 victo
702 1659 873 1719 ademerant.

231 1743 318 1802 Gar.
340 1742 377 1802 Χ.
406 1744 528 1818 Scythae
542 1743 658 1819 etludi,
681 1740 783 1822 quibus
797 1751 878 1802 antea
888 1740 1085 1803 Romanorum

167 1842 270 1886 nornen
282 1828 456 1903 incognitum
470 1827 575 1903 inerat,
600 1846 714 1887 munera
731 1836 760 1886 et
774 1826 887 1903 legatos
898 1824 933 1885 ad
948 1843 1017 1885 eum
1032 1829 1084 1887 mi·

168 1918 273 1969 serunt.
297 1906 404 1970 Galatia
418 1927 533 1989 qnoque
544 1911 597 1971 sub
614 1912 670 1970 hoc
688 1912 833 1989 provincia
844 1910 919 1970 facta
931 1919 993 1987 est,
1018 1928 1084 1970 curn

167 2002 248 2052 autea
263 2011 380 2071 regnum
392 1994 504 2069 fuisset,
518 1997 682 2072 primusque
694 2013 755 2055 earn
765 1993 802 2054 ll.
815 1993 921 2052 lollius
933 2010 988 2070 pro
998 2010 1072 2073 prae

166 2086 230 2137 tore
244 2076 454 2138 administravit.
492 2074 581 2139 Panto
602 2089 693 2139 autem
713 2095 808 2138 amore
827 2079 909 2136 etiam
923 2075 1001 2154 apud
1017 2077 1083 2138 bar·

167 2160 252 2221 baros
267 2162 330 2238 luit,
340 2171 371 2222 ut
380 2181 478 2241 reges,
491 2163 715 2241 populillornani
726 2163 818 2237 amici,
831 2161 1007 2221 inhonorem
1017 2164 1083 2222 eius

168 2245 324 2304 conderent
339 2247 478 2322 civitates,
499 2265 569 2325 quas
582 2245 737 2307 Caesareas
751 2247 941 2321 nominarent,
965 2247 1043 2305 sicut
1054 2248 1082 2306 in

166 2327 339 2387 Mauretania
357 2347 373 2387 a
389 2349 460 2406 rege
472 2327 551 2404 Iuba,
571 2339 599 2389 et
611 2331 639 2388 in
649 2329 817 2405 Palaestina,
837 2346 910 2407 quae
921 2346 997 2388 nunc
1011 2331 1082 2390 urbs

166 2419 211 2469 est
222 2410 385 2471 clarissima.
407 2411 489 2472 Multi
500 2422 592 2473 autem
604 2430 690 2490 reges
703 2414 843 2490 exregnis
858 2412 916 2471 suis
927 2423 1081 2492 venerunt,

165 2503 195 2553 ut
212 2495 238 2553 ei
262 2493 503 2572 obsequerentur,
527 2504 555 2554 et
570 2496 665 2556 habitu
684 2496 827 2573 Romano,
850 2497 939 2574 togati
951 2495 1081 2577 scilicet,

165 2575 200 2635 ad
210 2576 370 2637 vehiculum
381 2578 428 2637 vel
445 2597 548 2658 equum
560 2581 650 2658 ipsius
662 2588 854 2641 cucurrerunt.
890 2577 1017 2640 lloriens
1027 2580 1081 2642 Di·

164 2677 217 2719 vus
230 2660 391 2738 appellatus
411 2671 464 2722 est.
499 2661 571 2722 Rem
592 2664 733 2742 publicam
753 2665 942 2725 beatissimam
960 2661 1081 2726 'liberio

96 2779 152 2821 „a
164 2747 329 2804 successori
341 2744 465 2825 reliquit,
479 2748 526 2826 qui
535 2748 681 2826 privignus
693 2748 731 2824 ei,
744 2765 914 2826 mungener,
928 2755 1080 2825 postremo

97 2847 144 2890 ras.
164 2826 318 2905 adoptione
329 2828 403 2888 filius
413 2830 514 2890 inurat.

111 2939 137 2982 p,
230 2911 315 2971 Gar.
327 2911 378 2972 ill.
396 2911 477 2994 (Vl.)
499 2913 630 2977 Tiberius
647 2916 755 2993 ingenti
773 2916 906 2977 socordia
926 2918 1080 2995 imperium

96 2996 555 3159 qp-ffieaqlqiqqulqldanpppdplitate,
579 2999 839 3143 {zelbstfiavaffipia’
861 3002 934 3143 ιιιέτρι·
947 2999 1079 3143 lgbidine.

136 3106 142 3118 ·
430 3101 1077 3146 suau.eaereassuses·

164 3163 210 3220 sit.
246 3160 389 3233 Quosdam
408 3100 494 3244 regeb
511 3101 563 3243 {br
578 3166 726 3226 blanditias
736 3100 781 3225 pad
795 3102 984 3227 segevocatos
1006 3105 1078 3230 bun-

164 3261 246 3324 quatn
262 3249 386 3324 remisit,
411 3250 439 3307 in
451 3250 553 3327 quibus
567 3250 736 3310 Archelaum
748 3249 967 3329 Cappadocem,
993 3256 1078 3315 cuius

164 3330 248 3388 etiam
265 3347 383 3408 regnum
399 3333 427 3391 in
447 3334 618 3410 provinciae
629 3335 745 3394 formam
763 3334 876 3413 redegit
887 3343 916 3394 et
927 3337 1078 3399 maximam

164 3412 305 3473 civitatem
323 3415 461 3493 appellari
480 3420 594 3477 nomine
612 3436 664 3478 suo
679 3419 771 3494 iussit,
792 3436 866 3497 quae
881 3437 955 3478 nunc
967 3417 1075 3485 Gaesa-

911 3696 999 3804 h
