2266 3832
466 223 674 271 PRAEFATIO.

238 368 306 422 diem
326 384 354 436 p.
373 370 422 433 13,
445 373 476 425 16
495 366 578 421 huius
597 367 745 435 editionis,
768 366 903 422 desinunt
915 386 946 440 p.
960 373 1019 438 34,
1034 376 1052 430 9
1068 379 1118 443 poet

237 451 342 521 produit.

146 537 423 604 le=lragmentum
452 533 579 589 iordanis
611 537 640 589 in
665 534 955 607 codiceEmmerauo
985 540 1053 593 slve
1076 536 1118 593 Ra·

241 618 411 687 lisbonensi,
432 618 508 687 quod
524 617 626 673 desiuit
640 635 668 689 p.
681 625 728 688 ll,
752 621 793 676 17.

148 703 229 772 lp:
241 699 331 754 codex
347 701 533 772 Pollingensis
549 702 685 756 Iordanis.

149 785 170 840 Ο
185 805 228 831 ;-
241 782 363 838 Iahnius.

148 868 372 921 H=Halrnius

106 953 175 1022 Pag.
189 955 268 1018 3,22
284 951 398 1019 scripsi:
420 956 548 1021 paattnor
564 951 698 1021 aradibus
713 950 818 1006 Romae
833 952 925 1019 [aetas
940 953 1077 1011 distincta
1089 956 1120 1013 ai·

22 1037 134 1090 debitur.
150 1037 243 1104 prima
256 1035 343 1102 aetas]
364 1033 597 1105 snbrepibnrfnit
609 1040 660 1089 ete.
688 1034 781 1089 Verba
799 1036 911 1089 inclusa
932 1036 1045 1093 desunt
1054 1038 1121 1107 inli,

22 1121 50 1173 in
68 1135 122 1190 quo
140 1118 284 1188 probabile
303 1123 344 1170 est
364 1117 492 1172 lacunam
504 1117 544 1172 sic
556 1124 682 1172 exortam
695 1134 776 1185 esse,
793 1124 822 1173 ut
837 1119 975 1175 librarius
991 1124 1032 1179 ab
1044 1124 1121 1177 altero

22 1210 100 1257 aetas
115 1202 151 1256 ad
166 1203 280 1256 alterurn
294 1200 369 1271 quod
384 1203 550 1270 sequebatur
563 1203 704 1256 aberraret
717 1201 864 1272 mediaque
875 1206 1122 1273 praetermitteret

22 1289 163 1341 Lacunam
180 1291 328 1354 utcumque
345 1285 457 1354 explere
475 1291 591 1340 conatus
610 1301 687 1352 sum,
709 1291 736 1339 ut
747 1287 827 1340 locus
844 1286 951 1341 saltem
965 1288 1033 1343 sine
1051 1301 1122 1343 mort

22 1369 79 1440 legi
92 1375 200 1440 posset.
232 1368 261 1421 ln
279 1367 363 1422 codd.
381 1375 472 1422 autem
488 1367 673 1422 deterioribus
691 1370 798 1423 abiecto
816 1384 882 1424 voc.
901 1368 1034 1441 Romae,
1054 1368 1123 1443 quoti

22 1453 136 1507 lahnius
152 1450 244 1506 acod.
263 1451 368 1505 Bbene
385 1457 526 1506 servatum
536 1468 592 1506 non
605 1451 723 1507 debebat
745 1452 874 1519 abicere,
899 1452 992 1510 foeda
1007 1456 1123 1527 interpp

24 1536 89 1590 latio
102 1540 258 1606 propagata
274 1541 325 1588 est.
357 1536 442 1588 Paulo
458 1540 521 1603 post
539 1551 567 1587 v.
579 1540 623 1603 23,
637 1539 671 1592 26
687 1541 714 1588 et
724 1540 760 1594 30
771 1552 904 1591 numeros
919 1534 953 1590 in
968 1538 1061 1593 codd.
1075 1545 1123 1595 tru-

24 1619 113 1685 ditos,
135 1633 301 1687 quamquam
321 1618 407 1670 salsos
426 1633 489 1670 csse
509 1634 601 1672 rerum
617 1617 735 1673 historia
751 1619 908 1686 convincit,
929 1622 1123 1679 restituenda

24 1702 135 1773 putavi,
149 1701 255 1757 veritus
271 1716 306 1753 ne
319 1701 537 1755 correctionibus
551 1700 688 1755 editorum
701 1701 831 1758 admissis
848 1702 1023 1773 scriptorem
1035 1706 1124 1777 ipsum

26 1787 209 1855 corrigerem.
244 1782 364 1837 Accedit
382 1783 457 1852 quod
473 1800 528 1837 una
544 1785 674 1853 mutatio,
698 1801 769 1855 quae
781 1787 855 1840 lacta
866 1789 924 1851 est,
950 1787 1041 1843 etiam
1058 1789 1124 1843 ram

26 1875 84 1937 cst;
104 1867 229 1936 namqui
249 1882 316 1936 pag.
331 1872 362 1934 3,
374 1871 408 1924 26
425 1869 600 1922 nominantur
622 1870 752 1923 consules
777 1875 841 1924 sunt
856 1868 973 1939 Appius
991 1868 1124 1927 claudius

26 1953 147 2007 Pulcher
164 1956 190 2004 et
204 1949 235 2016 Q.
254 1951 369 2004 Fulvius
383 1949 502 2006 Flaccus
517 1951 553 2004 lll
571 1952 622 2018 (cl.
639 1967 667 2020 p.
680 1956 730 2020 32,
742 1957 777 2011 26
790 1953 862 2023 sep),
878 1952 925 2021 qui
943 1956 1123 2011 consulatum

27 2039 180 2106 gesserunt
192 2050 217 2087 a.
233 2038 284 2091 212
296 2050 322 2087 a.
340 2033 402 2088 Chr.
418 2049 461 2101 n.;
477 2033 661 2089 conficiuntur
677 2035 761 2106 igitur
771 2035 836 2090 anni
848 2036 907 2089 iere
920 2037 1054 2105 trecenti,
1071 2052 1123 2093 non

27 2117 108 2185 CCD,
133 2125 160 2171 ut
179 2117 302 2172 editores
323 2119 375 2172 sibi
388 2118 585 2188 corrigendum
606 2124 782 2188 putaverunt.
800 2148 842 2157 —
858 2122 890 2187 4,
910 2121 948 2177 24
963 2122 1047 2177 maur
1063 2122 1124 2177 dnm

25 2205 167 2274 anpnstiar
181 2202 283 2257 Remus
294 2204 422 2271 increpat
431 2204 512 2270 satta,
529 2201 637 2257 debiam
650 2218 687 2256 an
701 2204 776 2257 incra
788 2201 892 2273 fratris
904 2203 1017 2259 occr'rw
1028 2210 1072 2259 ert
1088 2202 1124 2259 0:

26 2289 102 2341 cirins
120 2286 184 2340 cirini
203 2288 342 2356 apparatior
356 2285 459 2340 Remus
477 2288 604 2354 increpat
622 2286 695 2339 salta
711 2286 851 2340 transiluit
866 2284 980 2340 dubim
997 2292 1054 2343 etc.
1075 2286 1123 2355 1313

26 2372 103 2424 eninr
129 2369 193 2422 dam
215 2369 316 2422 inridet
330 2371 470 2438 anpurtias
489 2368 525 2422 R.
545 2368 625 2440 idpne
650 2371 778 2439 increpat
793 2369 901 2424 dubim
919 2375 976 2424 etc.
996 2370 1032 2425 N.
1070 2368 1125 2425 Ad·

27 2452 91 2506 misi
108 2451 196 2506 lahnii
214 2451 449 2520 emendationem,
469 2467 636 2522 quamquam
649 2453 709 2521 ipse
726 2455 755 2506 in
771 2468 833 2506 eam
844 2451 937 2522 potius
953 2454 1125 2511 sententiam

29 2536 130 2589 inclino
148 2540 178 2588 ut
193 2535 264 2588 salta
284 2535 473 2589 inducendum
496 2541 522 2588 et
540 2541 613 2589 totus
633 2537 712 2591 locus
727 2537 768 2590 sic
790 2535 957 2591 scribendus
974 2538 1028 2591 sit:
1049 2537 1125 2593 cidari

28 2620 92 2674 dam
109 2620 250 2688 nnpnrtias
262 2618 298 2672 R.
314 2620 452 2688 increpat,
472 2620 610 2674 transiluit
620 2624 659 2688 et,
681 2619 788 2674 dabam
800 2636 837 2674 an
851 2620 927 2673 iussn
939 2617 1067 2689 fratris,
1081 2634 1123 2676 cc·

29 2704 103 2757 eisne
118 2707 165 2756 ert.
182 2728 223 2738 —
239 2707 269 2768 6,
281 2707 315 2757 22
333 2705 378 2756 eni
390 2704 433 2756 rei
445 2719 510 2757 moa
526 2703 554 2756 le
571 2733 611 2740 -
626 2707 656 2770 6,
669 2707 687 2760 a
698 2708 839 2775 artemque
853 2701 976 2756 bellandi
991 2704 1048 2759 IN:
1077 2720 1125 2759 ar·

40 2800 134 2857 empne
149 2785 303 2839 debellandi
315 2785 372 2840 ΒΟ.
393 2814 433 2824 -
452 2790 482 2851 6,
500 2789 517 2842 4
548 2788 669 2855 paenitet
680 2802 735 2840 non
748 2786 897 2856 scripsisse
909 2788 1072 2843 exercitata
1085 2790 1125 2843 dr·

40 2876 150 2937 catate,
174 2874 204 2921 ut
220 2875 262 2922 est
277 2868 306 2922 in
318 2869 362 2936 Ie;
387 2885 450 2922 nam
468 2869 550 2924 habet
566 2870 588 2923 B
603 2871 751 2923 exercitate
769 2871 920 2935 inventute,
942 2871 1062 2940 syllaba
1080 2884 1125 2925 ex·

41 2968 117 3006 rema
128 2951 265 3021 participii
283 2953 467 3007 terminationi
480 2954 621 3022 sequentis
634 2953 800 3007 substantivi
812 2952 984 3021 assimilata;
1010 2951 1125 3009 raama

48 3069 67 3089 a
81 3035 112 3089 llr
126 3041 152 3089 et
167 3035 191 3088 N
205 3033 281 3087 dedit
296 3038 419 3090 exercita
435 3039 575 3091 inventute.
586 3065 630 3075 -·
643 3041 673 3101 6,
693 3040 725 3093 18
733 3037 917 3106 parricidium
932 3035 978 3090 le:
998 3036 1125 3109 partia·

41 3121 92 3171 tnnc
117 3119 213 3174 Ocum
232 3119 317 3173 codd,
336 3121 396 3173 rell.
421 3120 557 3174 Firmatur
576 3118 733 3173 emendatio
750 3135 766 3173 a
785 3136 829 3174 me
848 3123 963 3189 recepta
984 3122 1126 3193 seriptum

42 3204 137 3258 *micis
150 3203 188 3267 B,
212 3204 257 3271 qui
277 3204 314 3257 lta
334 3202 418 3258 habet
435 3205 626 3273 parricidam,
647 3208 677 3257 ut
689 3203 778 3256 littera
800 3204 812 3256 i
831 3209 893 3257 ante
911 3216 958 3255 am
975 3218 1064 3261 erasa
1081 3202 1124 3259 sit.

45 3297 73 3339 le
92 3288 153 3356 quis
173 3285 201 3338 in
215 3288 308 3341 verbis
322 3288 514 3353 sennonteus,
537 3303 608 3358 quae
624 3285 736 3341 Iahnius
754 3301 789 3339 ex
803 3286 839 3339 Bl
860 3285 1041 3357 emendavit,
1063 3302 1125 3343 cum

43 3370 57 3422 l
75 3372 151 3423 malit
166 3368 265 3439 facire
302 3372 336 3402 'r‘
420 3373 506 3425 oriam
518 3370 586 3437 fii.
608 3385 701 3423 moner
725 3369 797 3424 bauc
813 3385 878 3423 esse
896 3372 1047 3441 scriptoris
1063 3384 1126 3427 sen·

44 3452 139 3490 Antiana
185 3454 219 3494 »uls
241 3493 246 3502 Ι
294 3485 298 3490 .
421 3460 467 3494 ,Μ’
497 3471 532 3494 ιι,
555 3489 558 3494 ,
594 3470 599 3490 t
621 3455 634 3486 =i
658 3471 681 3494 ιι.
732 3485 737 3498 ,
791 3481 795 3490 .
816 3454 849 3490 lar
871 3468 894 3498 ις
909 3457 937 3506 ul
955 3454 1041 3511 nem
1059 3454 1127 3511 eiu.
