2266 3832
429 222 641 276 LIBCRlll.
954 217 992 279 17

83 390 173 444 victus
186 394 238 444 est.
262 383 330 442 Nam
344 403 380 442 ex
392 405 466 444 ccxx
477 385 594 442 navibus
607 402 669 442 cum
680 402 737 442 xxx
748 384 830 461 fugit,
843 387 993 463 nonaginta

84 489 145 528 cum
160 469 361 546 pugnatoribus
375 478 474 545 captae
494 477 571 542 sunt,
599 468 745 526 demersae
761 478 884 526 ceterae.
913 469 992 526 Alius

84 571 198 630 quoque
212 551 310 610 consul
325 551 445 610 classem
459 552 605 626 nauiragio
618 554 720 626 amisit,
734 555 888 610 exereitum
902 561 992 610 tamen

84 637 190 695 salvum
206 637 311 709 habuit,
332 639 395 712 quia
411 637 502 694 vicina
515 635 596 693 litora
613 644 699 693 erant.

147 720 232 779 cnr.
248 718 363 778 xxvrr.
381 718 487 797 (xvi.)
513 719 544 780 e.
560 717 788 793 curationum,
803 720 834 776 u.
849 719 992 778 rosnae
1005 708 1062 785 aa.

84 805 185 864 Albino
198 820 274 863 coss.
286 820 357 862 anno
370 802 437 861 belli
449 802 544 861 Punici
560 822 640 861 nrm.
660 801 759 861 Catulo
774 803 877 862 bellum
894 813 990 861 contra
1007 809 1052 851 5¹⁰1

84 888 168 947 Afros
182 889 362 946 commissum
380 896 432 946 est.
467 886 614 945 Profectus
627 897 671 945 est
683 905 744 944 cum
757 909 811 945 ccc
830 888 947 944 navibus
966 889 994 943 iu

84 972 216 1030 Siciliam.
234 971 294 1028 hiri
308 981 404 1029 eontra
416 973 507 1047 ipsum
520 992 594 1030 cccc
609 980 784 1047 paraverunt.
808 969 953 1047 Nunquam
966 972 994 1044 in

84 1058 150 1114 mari
162 1057 244 1114 tantis
257 1057 348 1131 copiis
362 1064 512 1131 pugnatum
531 1064 585 1113 est.
615 1054 739 1113 lutatius
760 1054 875 1112 Catulus
895 1071 993 1112 narem

84 1157 171 1215 aeger
186 1138 321 1197 ascendit.
345 1138 513 1197 Vulneratus
531 1139 603 1196 enim
621 1140 648 1195 iu
665 1156 758 1214 pugna
770 1140 919 1214 superiore
932 1137 992 1194 luc-

83 1232 134 1280 rat.
159 1221 261 1293 Contra
274 1220 451 1295 Lilybaeum,
473 1223 614 1280 civitatem
630 1220 760 1294 Siciliae,
782 1231 931 1297 pugnatum
950 1228 994 1277 est

84 1307 190 1381 ingenti
206 1307 307 1362 virtute
320 1305 516 1362 Romanorum.
541 1303 610 1362 Nam
622 1324 708 1362 nrum
721 1302 993 1379 Carthaginiensium

84 1407 169 1447 naves
190 1397 289 1463 captae
308 1397 385 1462 sunt,
415 1408 488 1446 cxxv
506 1387 668 1462 demersae,
690 1407 769 1446 xnxu
785 1386 858 1444 milia
871 1388 993 1444 hostium

84 1483 176 1548 capta,
191 1473 354 1546 unruocha,
369 1471 566 1529 inlinitumauri
579 1470 861 1548 argentiqnepondus
873 1472 901 1528 in
913 1479 993 1546 pote·

83 1565 182 1615 statem
195 1555 382 1613 Romanorum
393 1555 546 1614 redactum.
569 1554 612 1614 Ex
622 1554 845 1613 classeRomaua
857 1574 895 1612 ru
907 1572 993 1612 naves

84 1639 239 1701 demersae.
259 1638 412 1715 Pugnatum
428 1649 473 1698 est
485 1661 521 1698 rr.
540 1638 606 1697 ldus
618 1637 741 1697 Martias.
768 1640 865 1697 Statim
879 1636 993 1697 Cartha·

83 1725 227 1800 ginienses
244 1741 342 1800 pacem
367 1725 507 1800 petierunt
530 1724 688 1799 tributaque
710 1731 753 1780 est
773 1725 814 1780 eis
838 1740 900 1798 pax.
941 1720 993 1779 Ca-

84 1809 152 1883 ptivi
164 1806 362 1880 Romanorum,
371 1810 418 1884 qui
430 1808 617 1865 tenebantura
626 1805 916 1882 Carthaginiensibus,
931 1805 994 1863 red·

84 1891 132 1948 diti
146 1899 217 1948 sunt.
242 1890 333 1948 Etiam
345 1889 593 1966 Carthaginienses
610 1891 765 1966 petierunt,
784 1899 814 1947 ut
829 1888 927 1947 redimi
944 1906 994 1947 eos

84 1975 212 2049 captivos
231 1973 339 2041 liceret,
354 1991 427 2050 quos
440 1992 476 2031 ex
487 1973 564 2032 Afris
578 1974 694 2032 Romani
708 1974 847 2032 tenebant.
874 1975 994 2032 Senatus

85 2055 993 2133 immmwmmfflwmmwmn

85 2141 131 2216 qui
143 2147 235 2198 autem
250 2157 266 2196 a
278 2140 393 2214 privatis
405 2147 577 2214 tenerentur,
601 2149 631 2198 ut
647 2141 738 2216 pretio
751 2139 870 2197 dominis
883 2139 993 2198 reddito

84 2221 283 2298 Carthaginem
302 2222 442 2297 redirent,
462 2232 547 2299 atque
569 2222 596 2280 id
617 2224 735 2299 pretium
756 2241 792 2281 en
809 2224 879 2281 lisco
891 2224 992 2299 magis,

84 2324 165 2382 quam
177 2324 193 2363 a
211 2304 488 2381 Carthaginiensibus
500 2305 668 2365 solveretur.

140 2387 1052 2465 CnmXXWssrQbmmm,hMmmmmmmmcmmnu

84 2471 188 2533 bellum
200 2471 319 2530 Faliscis
341 2471 508 2548 intulerunt,
533 2492 606 2550 quae
624 2475 723 2532 civitas
743 2472 840 2533 ltaliae
857 2475 992 2553 opulenta
1005 2481 1050 2522 511-

84 2556 223 2634 quondam
239 2557 300 2614 luit.
332 2554 415 2628 Quod
427 2556 510 2615 ambo
523 2557 656 2616 consules
669 2560 737 2616 intra
749 2576 801 2616 sex
812 2559 889 2634 dies,
911 2579 994 2638 quam

83 2648 226 2716 venerant,
242 2649 440 2717 transegerunt
449 2660 487 2699 xv
500 2642 611 2700 milibus
622 2643 743 2700 hostium
755 2644 866 2719 eaesis,
889 2646 993 2703 ceteris

83 2725 858 2802 mmmmmmstmmmmmmmmmmmmo

475 2920 628 2928 ..u—-

314 3040 767 3109 hlllblllllltl'lllS.

393 3224 680 3291 ununnruruu.

150 3330 173 3381 l.
191 3328 349 3378 Ptolemaeus
367 3327 476 3392 Aegypti
496 3343 541 3376 rex
559 3329 683 3392 promissa
701 3328 849 3377 allomanrs
860 3329 954 3376 auxilia
966 3330 992 3375 in

83 3398 147 3448 bello
159 3408 245 3447 eontra
257 3396 416 3455 Antiochum,
435 3394 521 3460 Syriae
534 3412 635 3461 regem,
655 3405 762 3446 recuset.
789 3397 872 3453 Hiero,
892 3395 992 3444 Sicilire

124 3479 251 3517 eurnorrus
839 3478 860 3536 2
