2266 3832
125 192 166 254 20
497 206 593 254 nvcrr
612 208 759 256 aurum

125 383 240 449 XXII.
284 384 365 467 QVI
384 385 645 452 PROVOCATI
670 387 730 450 AB
751 386 978 455 HOSTIBVS
1004 390 1124 457 MANV

433 484 812 550 CONTENDERVNT.

102 613 116 664 1
211 601 352 665 Manlius
375 602 572 690 Torquatus,
603 605 659 690 qui
685 604 780 669 Gallo
809 613 962 690 torquem
991 606 1128 671 detraxit

100 702 261 769 auumque
290 685 354 748 sibi
380 688 601 752 circumdedit.
645 686 797 751 Valerius
818 687 1002 771 Corvinus,
1038 693 1128 776 quia

126 767 221 830 Gallo
248 778 443 853 provocatus
465 793 539 834 eum
581 780 731 854 ugnaret,
761 792 880 835 corvus
927 771 1038 837 aleam
1063 776 1126 838 eius

100 851 245 915 tinsedit
263 851 431 916 ethostem
468 793 657 918 erturbavit.
691 852 800 939 Scipio
813 790 1039 939 Aemilianus,
1062 878 1129 921 cum

125 942 211 997 esset
226 933 351 1018 legatus
365 935 426 999 sub
438 877 576 1001 Sucullo
597 939 800 1023 imperatore,
822 959 843 1000 a
864 937 911 1002 ud
922 938 1130 1005 Intercatiam

123 1017 343 1082 Vaccaeorum
376 1019 490 1084 urbem
540 1030 763 1085 rovocatorem
791 1021 853 1085 bar
876 1041 971 1085 arum
1004 1024 1128 1089 occidit.

98 1100 244 1163 tLucius
266 1100 413 1186 Opimius
443 1104 502 1167 sub
554 1105 656 1168 utatio
679 1104 794 1169 Catulo
822 1104 957 1170 consule
987 1107 1026 1171 in
1049 1106 1130 1171 saltu

123 1182 313 1249 Tridentino
334 1196 581 1271 provocatorem
604 1186 772 1251 Cimbrum
792 1187 967 1253 interfecit.

124 1339 256 1404 XXIII.
297 1340 406 1420 tovi
421 1341 509 1406 PRO
524 1339 725 1405 ROMANIS
746 1338 925 1406 GENTES
940 1339 1129 1409 SVPERA·

523 1437 718 1509 VERVNT.

138 1638 145 1653 ο
207 1553 313 1699 Scipio
328 1554 518 1653 Africanus,
528 1553 645 1653 ,Scipio
657 1553 890 1654 Numantinus,
899 1553 1024 1652 ‚Scipio
1036 1556 1126 1621 Asia·

121 1646 220 1717 trous,
244 1638 418 1701 Itummrus
432 1638 610 1718 Acherous,
632 1637 789 1702 Servrhus
801 1636 986 1721 Isauricus,
1008 1639 1124 1705 Brutus

123 1718 294 1800 Callaicus,
312 1719 433 1784 Paulus
446 1721 686 1803 Macedonicus,
698 1719 849 1785 Metellus
864 1719 1027 1806 Creticus,
1049 1722 1123 1789 Cae·

122 1824 175 1865 sar
196 1802 423 1886 Germanicus,
449 1804 571 1870 Caesar
592 1804 745 1868 Dacicus.

122 1950 271 2015 XXIIII.
328 1952 455 2032 QVOT
481 1950 727 2018 ILLVSTRES
759 1950 1012 2034 SCIPIONES,
1050 1950 1123 2045 QYI

122 2050 294 2115 MAGNIS
316 2051 462 2117 REBVS
483 2049 639 2116 GESTIS
663 2048 982 2115 COGNOMINATI
1001 2049 1121 2116 SVNT.

208 2173 316 2259 Scipio
344 2195 480 2258 magnus
507 2173 683 2238 Africanus
689 2219 698 2252 ,
728 2172 784 2257 qui
810 2171 891 2235 vicit
917 2171 1120 2237 Annibalem

122 2256 229 2341 Scipio
250 2259 356 2320 minor
376 2257 608 2336 Numantinus,
630 2256 686 2341 qui
707 2254 916 2340 Numantiam
938 2264 971 2319 et
993 2254 1121 2321 Cartha·

121 2342 230 2423 ginem
244 2341 352 2402 diruit.
387 2339 440 2404 Sci
464 2341 495 2402 io
508 2340 683 2417 Asiaticae,
706 2339 762 2424 qui
781 2337 822 2402 de
834 2338 998 2403 Antiocho
1017 2341 1121 2404 trium·

120 2422 242 2519 pharit.
289 2421 342 2486 Sci
365 2425 396 2486 io
451 2424 552 2502 asica,
582 2423 638 2507 qui
661 2443 681 2484 a
700 2429 815 2486 senatu
834 2423 887 2485 vir
914 2423 1055 2507 optimus
1078 2431 1122 2487 est

120 2505 291 2567 iudicatus.
338 2445 446 2589 Scipio
468 2505 529 2585 **,
556 2507 611 2590 qui
634 2507 741 2568 occiso
762 2504 917 2590 Pompeio
939 2515 1051 2591 partes
1077 2526 1121 2570 re

120 2589 223 2650 stituit
246 2598 277 2650 et
298 2589 404 2651 victus
427 2609 462 2652 sc
483 2589 657 2652 interfecit.

323 2719 432 2782 XXV.
477 2723 745 2784 SECESSIONES
763 2721 920 2783 PLEBIS.

100 2855 107 2902 ι
205 2835 411 2902 Secessiones
443 2837 547 2922 plebis
583 2860 603 2900 a
630 2836 776 2922 patribus
803 2835 933 2898 fuerunt
955 2843 1120 2926 quattuor.

120 2921 229 2984 Prima
251 2922 391 2984 secessio
404 2931 537 3005 propter
556 2923 779 3006 impotentiam
792 2918 1028 2999 feneratorum,
1051 2938 1121 2981 cum

94 3006 153 3069 rin
181 3026 301 3068 socrum
326 3015 467 3068 montem
494 3005 587 3088 plebs
620 3014 744 3068 armata
773 3002 916 3067 secessit.
973 2998 1122 3065 Secunda

119 3099 251 3173 proptor
271 3090 495 3172 impotentiam
514 3089 747 3167 decemvirum,
771 3108 844 3149 cum
864 3083 1038 3148 interfecta
1057 3084 1123 3149 lilia

121 3191 179 3235 sua
191 3171 360 3255 Virginius
373 3172 517 3257 Appium
532 3181 675 3236 ettotam
694 3173 763 3236 eius
777 3170 952 3234 factionem
963 3167 1000 3231 in
1010 3167 1119 3233 Aven-

120 3258 187 3318 tino
208 3264 317 3318 monte
339 3257 549 3319 circumvenit
572 3257 757 3340 effecitque,
785 3263 821 3316 ut
841 3254 995 3317 abdicato
1015 3253 1121 3337 'magi-

122 3349 224 3402 stratu
251 3342 392 3410 accrrsati
419 3349 515 3424 atque
542 3339 685 3402 damnati
711 3339 811 3401 variis
840 3336 1008 3434 suppliciis
1028 3338 1122 3421 puni·

95 3433 241 3491 3rentur.
286 3424 396 3487 Tertia
414 3432 544 3506 propter
565 3424 776 3501 nutrirronia,
800 3420 908 3505 plebei
928 3428 964 3483 ut
972 3421 1121 3504 patriciis

119 3506 278 3572 nuberent
330 3503 417 3572 auru
475 3505 601 3554 *reule—
696 3506 838 3554 “ultavit
871 3505 903 3566 'u
933 3513 1042 3568 monte
1072 3502 1122 3567 Ia
