2266 3832
439 216 545 266 ruem
560 214 728 267 saluom.

291 416 372 480 ΠΙΙ.
405 414 589 482 SEDITIO
608 414 884 481 APVLEIANA.

12 538 116 624 ³171ss
169 532 279 598 Nihilo
296 533 402 596 minus
418 531 577 618 Apuleius
594 530 788 597 Saturninus
803 530 1019 599 Gracchanas
1038 536 1091 601 ad·

87 639 195 685 serere
211 617 301 700 leges
318 638 384 682 non
401 615 535 679 destitit.
559 624 685 679 tantum
702 616 885 681 animorum
894 616 1024 683 Marius
1038 620 1091 685 ds·

85 704 158 783 bat,
173 701 229 786 qui
239 699 403 765 nobilitati
416 720 544 784 semper
554 700 704 763 inimicus
709 746 719 781 ,
737 698 909 765 consulatu
928 722 990 769 suo
1023 724 1091 767 rae

84 796 174 850 terea
200 782 341 848 confisus
355 783 427 845 ***.
457 783 565 848 occiso
589 782 698 868 pelam
724 783 864 850 comitiis
891 786 936 850 A.
1001 789 1108 853 iunior

85 868 284 953 conpetitore
312 865 499 930 tribunatus
529 865 707 951 subrogare
733 873 869 934 conatus
890 876 943 933 est
966 869 1003 933 in
1022 871 1091 935 eius

84 953 192 1018 locum
210 949 247 1014 O.
267 949 466 1030 Gracchum,
485 948 649 1015 hominem
666 951 738 1014 sino
753 950 857 1032 tribu,
879 951 952 1017 sine
967 962 1090 1037 notare,

85 1038 155 1100 sine
172 1035 320 1115 nomine3
344 1041 393 1097 set
411 1032 542 1099 subdito
558 1032 652 1098 titulo
672 1034 707 1097 in
723 1031 882 1099 familiam
895 1036 969 1122 ipse
987 1058 1024 1101 se
1037 1036 1091 1102 ad·

58 1117 227 1206 aoptabst.
254 1139 328 1180 cum
349 1125 398 1181 tot
413 1118 578 1202 tantisque
602 1115 752 1181 ludibriis
777 1117 940 1184 exultaret
959 1120 995 1184 in
1017 1140 1090 1203 une,

85 1201 241 1287 rogandis
254 1200 477 1267 Gracchorum
494 1199 624 1285 legibus
639 1202 686 1265 ita
702 1199 912 1267 vehementer
928 1203 1009 1268 ineu
1032 1205 1117 1286 tritu

84 1296 122 1351 ut
139 1294 289 1350 senatum
308 1306 435 1384 quoque
452 1291 584 1368 cogeret
600 1285 635 1348 in
645 1284 748 1349 verba
764 1285 889 1367 iurare,
904 1306 981 1351 cum
991 1286 1091 1351 abnu-

55 1401 72 1452 3
88 1370 216 1435 entibus
234 1390 321 1469 aqua
338 1378 370 1433 et
388 1369 457 1453 rgni
473 1367 721 1433 interdictumm
733 1369 923 1435 minaretur.
945 1390 1034 1435 unus
1046 1380 1091 1435 ta·

85 1474 161 1519 men
180 1455 301 1535 extitit,
343 1454 378 1516 ui
393 1451 506 1516 mallet
523 1450 668 1516 exilium.
697 1452 799 1536 igitur
813 1463 889 1538 post
904 1452 1035 1519 Metelli
1044 1454 1092 1519 fu·

110 1558 163 1601 am
182 1539 270 1602 omni
289 1558 331 1600 no
356 1536 460 1599 ilitata
476 1533 628 1621 perculsa
644 1556 719 1599 cum
734 1536 800 1599 iam
816 1537 949 1601 tertium
970 1558 1092 1603 annum

86 1560 322 1700 dominaretur,
335 1640 374 1684 eo
386 1620 561 1682 uaesaniae
574 1639 768 1703 progressus
779 1627 845 1702 eat,
858 1628 895 1684 ut
905 1620 1122 1687 consularius

58 1722 215 1789 4quoque
232 1703 362 1768 comitia
376 1723 462 1766 nova
481 1701 583 1766 caede
599 1702 757 1767 turbaret.
782 1704 901 1789 quippe
912 1712 951 1767 ut
972 1704 1092 1769 satelli-

85 1795 153 1852 tem
172 1786 293 1851 furoris
318 1786 369 1849 sui
391 1784 562 1850 Glauciam
587 1786 753 1850 consulem
773 1784 910 1869 faceret,
936 1785 1094 1853 Publium

84 1870 276 1934 Memmium
287 1869 521 1955 conpetitorem
531 1868 671 1933 interfici
681 1870 793 1952 iussit,
811 1878 844 1934 et
854 1872 890 1935 in
901 1888 940 1935 eo
950 1870 1093 1937 tumultu

84 1975 196 2039 regem
213 1975 286 2018 sea
311 1951 507 2019 satellitibus
525 1953 593 2017 suis
607 1952 806 2038 appellatum
826 1953 932 2019 laetus
954 1957 1091 2042 accepit.

57 2047 154 2102 otum
174 2060 253 2104 vero
274 2040 340 2102 iam
358 2036 598 2124 conspiratione
616 2046 764 2117 senatus,
787 2039 800 2101 i
823 2057 860 2103 so
879 2059 942 2125 quo
965 2059 1008 2104 ue
1026 2040 1123 2104 iamro

86 2121 191 2188 Mario
203 2123 336 2188 consule
342 2170 351 2204 ,
366 2123 442 2208 quia
453 2121 539 2185 tueri
549 2141 615 2184 non
625 2128 766 2207 poterat,
778 2059 919 2187 adverso
925 2169 934 2204 ,
972 2123 980 2138 ⁸
1000 2131 1092 2189 actae

56 2208 205 2281 sinforo
217 2209 320 2289 acies,
343 2205 457 2305 pulsus
475 2205 553 2269 inde
573 2202 772 2288 Capitolium
791 2206 923 2271 invasit.
946 2206 1094 2272 sedcum

86 2290 233 2376 abruptis
252 2289 370 2353 fistulis
387 2288 591 2354 obsideretur
608 2288 798 2375 senatuique
809 2309 869 2374 per
879 2289 1006 2375 legatos
1062 2312 1093 2355 e·
1105 2308 1119 2327 ⁰

86 2373 351 2437 nitentiaefidem
363 2372 500 2453 faceret,
520 2369 561 2433 ab
580 2392 654 2434 arce
675 2371 849 2457 degressus
867 2393 942 2438 cum
953 2373 1030 2438 duor
1052 2396 1092 2438 us

86 2454 238 2521 factionis
249 2464 398 2540 receptus
409 2455 445 2517 in
457 2456 579 2519 curiam
591 2463 649 2518 est.
662 2454 709 2519 ibi
721 2476 795 2520 eum
805 2454 894 2521 facta
902 2459 1123 2544 inruptiones

83 2539 224 2684 populus
235 2537 377 2602 fustibus
391 2539 544 2624 saxisque
557 2546 704 2623 opertum
714 2541 750 2603 in
760 2541 832 2625 ipsa
844 2562 973 2629 quoque
985 2550 1091 2607 morte

97 2623 249 2686 aceravit.

323 2750 364 2814 V.
395 2747 577 2814 SEDITIO
598 2747 841 2813 DRVSIANA.

15 2874 66 2944 111,
84 2862 123 2926 17
167 2861 335 2927 Postremo
346 2861 461 2926 Livius
473 2862 602 2927 Drusus
616 2883 683 2926 non
700 2860 885 2926 tribunatus
901 2861 1000 2927 modo
1010 2864 1089 2929 viri-

83 2944 161 3025 bus,
184 2945 242 3008 sed
258 2946 361 3030 ipsius
379 2947 475 3010 etiam
493 2955 624 3011 senatus
642 2946 833 3010 auctoritate
842 2945 1009 3031 totiusque
1022 2944 1123 3014 Ita-ao

84 3028 148 3091 liae
160 3049 320 3094 consensu
333 3029 464 3093 easdem
474 3029 564 3114 leges
575 3030 727 3094 adserere
738 3037 889 3110 conatus,
901 3028 979 3093 dum
989 3028 1090 3095 alium

61 3120 193 3198 acaptat
210 3133 252 3176 ex
268 3111 349 3194 alio,
368 3122 494 3178 tantum
513 3113 666 3178 conflavit
683 3112 883 3194 incendium,
900 3121 937 3176 ut
950 3134 1012 3177 nec
1023 3115 1088 3199 pri-

84 3217 171 3261 mam
191 3195 279 3260 illius
302 3195 465 3261 flammam
485 3208 596 3283 posset
621 3199 781 3262 sustinere
802 3205 834 3260 et
855 3195 964 3260 subita
983 3206 1088 3261 morte

85 3290 251 3367 correptus
263 3279 495 3344 hereditarium
506 3283 540 3345 in
573 3291 696 3346 osteros
710 3301 784 3345 suos
795 3278 918 3343 bellum
928 3299 988 3365 pro
1011 3300 1088 3364 aga-

58 3374 144 3430 3ret.
170 3365 341 3430 iudiciaria
357 3363 429 3450 lege
451 3305 592 3429 Graoclri
610 3365 789 3428 diviserant
804 3362 960 3449 populum
1020 3379 1122 3427 ma-as

83 3468 162 3512 num
177 3459 208 3514 et
219 3448 385 3535 bicipitem
398 3471 438 3512 ex
450 3470 511 3500 nna
527 3449 659 3504 feroran
695 3448 841 3508 irim-tm
881 3447 1006 3516 ‘sortite‘¹
1022 3446 1087 3511 Ro·
