2266 3832
159 185 201 246 22
505 185 729 242 EUTHOPll

158 361 203 410 tes
217 352 244 408 in
257 350 428 410 deditionem
440 351 567 426 accepit,
582 368 650 409 srvi
663 351 843 426 expugnavit.
861 348 903 409 lta
914 353 989 409 omni
1002 352 1076 410 Sici·

159 434 197 494 lia
208 443 335 512 recepta,
354 432 520 492 llacedonia
533 432 636 509 fracta,
661 451 723 492 cum
735 435 840 510 ingenti
852 432 945 510 gloria
955 433 1076 495 Romam

90 511 149 559 ΔΜ·
159 537 310 596 regressus
329 525 382 576 est.
413 516 549 576 Hannibal
569 520 597 575 in
613 515 692 576 ltalia
712 515 1075 579 cannamomum

101 579 147 621 ω’
157 603 250 662 subito
273 619 428 680 aggressus
449 619 512 660 cum
532 609 598 660 octo
617 601 729 660 milibus
752 601 893 660 bominum
917 603 1075 662 interiecit.

220 686 306 749 (lan.
325 686 387 745 XV.
405 684 487 763 (tx.)
520 683 631 745 Interea
653 685 688 744 ad
705 684 871 763 Hispanias,
897 686 945 745 ubi
966 689 1075 746 occisis

156 770 267 830 duobus
284 769 468 847 Scipionibus
482 769 574 828 nullus
587 769 729 830 Romanus
752 769 899 847 duxerat,
916 770 947 828 P.
964 769 1074 830 Corne·

89 883 144 928 gn,
156 854 210 914 lius
223 854 321 931 Scipio
332 855 458 930 mittitur,
478 853 593 913 liliusl'.
607 853 767 932 Scipionis,
788 855 836 932 qui
846 854 951 913 ibidem
965 854 1074 914 bellum

96 951 141 991 tn-
155 947 301 1016 gesserat,
323 957 411 998 annos
427 946 508 997 natus
522 946 642 1016 quatuor
654 947 682 998 et
692 939 807 1016 viginti,
828 939 872 997 vir
882 938 1073 998 Romanorum

156 1025 278 1082 omnium
298 1032 327 1082 et
342 1041 393 1083 sua
410 1029 502 1083 aetate
520 1031 548 1081 et
560 1024 713 1099 posteriori
730 1031 860 1099 tempore
876 1022 939 1082 iere
954 1025 1073 1100 primns.

87 1137 143 1179 gu,
156 1106 184 1165 ls
198 1106 395 1184 Carthaginem
406 1106 558 1182 Hispaniae
571 1108 661 1184 capit,
678 1107 773 1184 inqua
787 1124 870 1166 omne
880 1125 976 1166 aurum
989 1115 1017 1166 et
1028 1125 1073 1166 ar-

94 1204 140 1246 ma.
154 1199 270 1270 gentum
291 1199 319 1249 et
339 1189 408 1251 belli
431 1199 594 1268 apparatum
614 1189 676 1249 atri
698 1190 853 1266 habebant,
879 1190 1073 1250 nobilissimos

155 1293 270 1354 quoque
282 1275 411 1351 obsides,
429 1289 502 1352 quos
517 1275 552 1333 ab
568 1274 700 1352 Hispanis
716 1283 895 1351 acceperant.
919 1272 1071 1352 llagonem

155 1362 255 1434 etiam,
280 1358 394 1419 fratrem
412 1358 592 1433 Hannibalis,
616 1357 721 1417 ibidem
739 1359 829 1435 capit,
856 1376 941 1435 quem
952 1357 1072 1416 Romam

155 1462 218 1502 cum
230 1443 293 1502 aliis
307 1445 399 1503 mittit.
422 1443 532 1501 Romae
546 1444 647 1520 ingens
659 1441 764 1501 laetitia
776 1450 843 1518 post
858 1442 933 1501 bunc
945 1443 1071 1501 nuntium

154 1527 215 1585 luit.
239 1524 961 1603 ScipioHispanorumobsidesparentibusreddidit.
975 1524 1072 1598 Quare

155 1627 253 1668 omnes
269 1609 331 1668 iere
343 1609 498 1686 Hispaniae
510 1607 545 1667 ad
557 1627 621 1667 eum
632 1625 688 1668 uno
704 1610 796 1668 animo
808 1611 987 1668 transierunt.
1000 1607 1073 1668 Post

155 1711 228 1770 quae
245 1691 464 1767 Hasdrubalem,
489 1690 652 1751 Hannibalis
667 1692 797 1768 fratrem,
808 1693 922 1775 ¹victum
939 1692 1018 1769 lugat
1042 1701 1073 1751 et

154 1776 287 1854 praedam
301 1779 447 1836 maximam
459 1777 545 1852 capit.
971 1827 974 1831 .

95 1875 151 1917 nu.
218 1861 304 1919 Gna.
323 1859 400 1919 xvl.
422 1856 534 1918 Interea
553 1860 581 1917 in
598 1857 678 1919 ltalia
690 1858 789 1918 consul
806 1859 841 1932 Q.
858 1858 962 1919 Fabius
980 1856 1071 1916 blaxi-

95 1941 141 1986 ⁶⁴³·
153 1962 215 2003 mus
226 1942 375 2003 Tarentum
390 1945 515 2019 recepit,
536 1945 563 2001 in
575 1962 630 2020 qua
642 1945 773 2021 ingentes
790 1945 891 2020 copiae
904 1940 1071 2002 Hannibalis

154 2038 241 2089 erant.
274 2025 317 2086 lbi
339 2029 422 2087 etiam
443 2026 544 2085 ducem
558 2026 719 2087 Hannibalis
736 2025 933 2087 Carthalonem
950 2026 1069 2103 occidit,

152 2131 208 2172 xxv
220 2112 296 2171 milia
313 2114 487 2190 captivorum
502 2110 638 2186 vendidit,
664 2110 794 2189 praedam
807 2111 941 2170 militibus
957 2110 1068 2187 disper·

153 2198 230 2273 tivit,
255 2198 404 2274 pecuniam
422 2196 564 2255 bominum
583 2195 761 2254 venditorum
779 2193 814 2253 ad
836 2194 934 2252 liscum
960 2193 1068 2254 retulit.

152 2278 222 2338 Tum
243 2280 346 2338 multae
366 2281 495 2338 civitates
512 2280 720 2352 Romanomm,
744 2294 818 2355 quae
835 2276 869 2333 ad
883 2275 1070 2337 Hannibalem

151 2365 329 2436 transierant,
346 2379 442 2420 rursus
455 2379 487 2419 se
499 2361 587 2420 Fabio
599 2359 721 2419 lllaximo
738 2356 915 2417 dediderunt.
928 2357 996 2438 (X.)
1022 2359 1069 2420 ln·

151 2446 283 2522 sequenti
295 2461 366 2503 anno
380 2444 478 2519 Scipio
490 2446 517 2501 in
530 2443 664 2519 Hispania
680 2443 813 2519 egregias
827 2459 874 2500 res
888 2444 958 2519 egit,
974 2453 1003 2502 et
1014 2462 1070 2521 per

151 2547 184 2588 se
201 2536 229 2586 et
248 2544 300 2604 per
321 2526 434 2585 fratrem
454 2544 534 2583 suum
545 2525 576 2583 L.
593 2526 756 2601 Scipionem
768 2543 824 2583 axx
841 2525 970 2586 civitates
984 2545 1068 2587 rece·

152 2614 201 2691 pit.
237 2609 269 2669 ln
285 2608 365 2668 ltalia
388 2617 479 2667 tamen
496 2608 570 2666 male
586 2617 740 2685 pugnatum
762 2616 814 2667 cst.
847 2607 918 2668 Ham
931 2608 1067 2670 Claudius

151 2692 302 2757 llarccllus
320 2691 418 2752 consul
431 2692 465 2750 ab
477 2690 633 2750 Hannibale
644 2692 758 2748 occisus
774 2699 827 2750 est.

216 2779 300 2854 Gar.
312 2773 401 2836 XVll.
423 2773 518 2833 Tertio
531 2790 603 2832 anno
618 2782 695 2850 post,
712 2791 795 2850 quam
807 2775 904 2852 Scipio
916 2776 951 2836 ad
962 2777 1064 2856 Hispa-

153 2866 225 2926 niam
237 2862 382 2941 prolectns
398 2867 458 2933 est,
475 2875 571 2915 mrsus
584 2874 632 2915 res
644 2855 764 2915 inclutas
776 2850 859 2932 gerit.
892 2859 1002 2938 Regem
1015 2862 1064 2921 Hi-

154 2951 310 3028 spaniarum
326 2959 426 3020 magno
445 2939 556 3018 proelio
578 2942 683 2997 victum
700 2941 728 2996 in
744 2941 892 3000 amicitiam
903 2947 1017 3022 accepit
1035 2956 1065 3006 et

156 3034 259 3114 primus
273 3031 392 3091 omnium
404 3044 419 3085 a
430 3027 506 3084 victo
519 3020 635 3081 obsides
646 3036 702 3079 non
713 3025 857 3098 poposcit.

219 3117 306 3177 Gar.
322 3109 423 3174 XVllI.
452 3107 615 3183 Desperans
636 3103 772 3163 Hannibal
793 3106 942 3184 Hispanias
964 3121 1062 3173 contra

158 3203 319 3281 Scipionem
340 3196 438 3256 ducem
460 3191 561 3250 diutius
582 3204 671 3264 posse
692 3189 822 3264 retineri,
846 3191 959 3252 iratrcm
981 3214 1061 3256 snum

93 3328 141 3374 ,n
160 3283 357 3349 Hasdrubalem
372 3282 400 3340 in
412 3276 517 3338 ltaliam
532 3290 594 3331 cum
607 3269 736 3328 omnibus
751 3274 843 3347 copiis
856 3279 996 3337 evocavit.
1032 3278 1061 3339 ls

103 3357 275 3439 navarus
285 3366 386 3429 eodem
395 3365 504 3437 itincre,
516 3373 571 3436 quo
584 3354 666 3412 etiam
678 3351 811 3412 Hannibal
824 3368 951 3436 venerat,
964 3380 981 3420 a
993 3379 1061 3423 con·
