2266 3832
188 314 191 323 .
268 252 477 315 msroamu
499 252 691 313 aouarmu
712 253 754 327 u,
775 261 819 315 aa.
992 251 1034 315 37

55 410 154 487 ginta,
180 406 320 468 omnibus
341 406 475 466 omnium
495 406 629 480 gentium
651 405 724 464 viris
748 405 957 479 magnitudine
976 424 1034 467 sua

56 494 237 554 inducturus
259 490 428 564 caliginem.
461 490 525 548 lam
538 504 638 564 paene
660 504 922 563 supervacaneum
938 491 1066 550 videris

56 584 160 653 potest
171 574 365 635 eminentium
379 573 569 647 ingeniorum
583 579 690 632 notare
704 578 857 647 tempora;
873 574 942 648 quis
955 575 1034 632 enim

55 664 177 737 ignorat
191 658 358 733 diremptos
379 654 524 731 gradibus
539 657 646 715 aetatis
661 654 806 716 floruisse
822 656 881 715 hoc
897 664 1035 732 tempore

57 746 250 815 Ciceronem,
278 739 488 812 Hortensium,
518 746 651 814 anteque
678 738 851 813 Antonium,
881 740 1033 815 Crassum,

58 828 190 898 Cottam,
207 826 391 900 Sulpicium,
406 839 541 898 moxque
555 824 695 896 Brutum,
712 823 873 896 Calidium,
890 823 1033 896 Coelium,

58 912 191 984 Calvum,
207 917 237 969 et
250 908 423 985 proximum
435 906 573 967 Ciceroni
585 907 755 982 Caesarem,
770 923 939 982 eorumque
953 910 1036 967 velut

57 998 198 1057 alumnos
214 992 377 1053 Corvinum
397 1006 433 1049 ac
453 991 620 1050 Pollionem
640 990 795 1062 Asinium,
821 992 1035 1065 aemulumque

55 1077 246 1155 Thucydidis
262 1074 437 1135 Sallustium
459 1082 662 1148 auctoresque
685 1075 851 1133 carminum
863 1076 1035 1133 Van-onem

54 1174 92 1218 ac
108 1156 297 1229 Lucretium,
323 1172 424 1230 neque
439 1157 499 1216 ullo
525 1157 555 1216 in
578 1157 717 1231 suscepti
740 1157 843 1232 operis
863 1157 910 1215 sui
927 1174 1037 1231 penore

54 1240 212 1319 [carmine]
229 1239 377 1299 minorem
394 1241 552 1300 Catullum.
579 1242 680 1299 Paene
695 1240 788 1299 stulta
809 1245 858 1300 est
876 1239 1064 1299 inhaereri-3

54 1324 128 1385 tium
147 1321 245 1384 oculis
262 1322 454 1397 ingeniorum
477 1324 681 1394 enumeratio,
706 1322 786 1381 inter
803 1338 883 1396 quae
903 1322 1038 1381 maxime

54 1407 152 1469 nostri
176 1404 245 1466 aevi
263 1406 396 1465 eminent
421 1406 565 1482 prInceps
588 1408 754 1466 carminum
777 1404 932 1479 Vergilius
947 1405 1026 1465 Rabi

53 1491 182 1565 riusque
198 1494 228 1549 et
259 1498 446 1551 consecutus
468 1489 646 1551 Sallustium
661 1489 765 1550 Livius
787 1488 986 1563 Tibullusque
1009 1499 1039 1547 et

54 1576 153 1647 Naso,
170 1572 387 1649 perfectissimi
402 1572 431 1633 in
448 1575 546 1633 torma
561 1574 664 1651 operis
683 1572 744 1646 sui;
762 1589 829 1631 narn
849 1572 988 1632 vivorum
1006 1584 1040 1633 ut

55 1674 168 1732 magna
185 1654 345 1716 admiratio
362 1656 403 1716 ita
419 1673 551 1718 censura
569 1656 702 1717 difficilis
719 1664 776 1717 est.

139 1741 286 1799 XXXVII.
317 1743 394 1801 Dum
408 1740 485 1801 haec
500 1742 529 1799 in
546 1742 620 1801 urbe
633 1743 780 1817 Italiaque
800 1750 961 1819 geruntur,
983 1744 1066 1807 Cnl

56 1823 222 1898 Pompeius
248 1824 444 1883 memorabile
469 1826 619 1884 adversus
644 1826 853 1899 Mithridaten,
886 1826 938 1902 qui
965 1836 1036 1902 post

56 1908 175 1967 Luculli
190 1908 411 1982 protectionem
425 1924 551 1981 magnas
567 1908 639 1967 novi
654 1912 806 1968 exereitus
823 1910 895 1969 viris
911 1926 1033 1985 repara·

57 1999 153 2063 verat,
171 1991 281 2050 bellum
295 1989 400 2065 gessit,
422 1993 463 2049 At
476 2007 531 2049 rex
546 1993 633 2050 lusus
649 1994 833 2066 fugatusque
849 2002 879 2053 et
893 1993 1033 2053 omnibus
1049 2006 1065 2056 a

57 2082 169 2133 exutus
186 2074 284 2149 copiis
299 2073 472 2134 Armeniam
487 2075 698 2151 Tigranenque
714 2091 855 2134 socerum
870 2076 967 2150 petiit,
988 2092 1034 2135 re-

57 2173 126 2232 gem
142 2159 209 2217 eius
230 2158 391 2232 temporis,
413 2156 472 2215 nisi
488 2174 549 2232 qua
562 2158 679 2218 Luculli
693 2158 785 2217 armis
800 2166 864 2217 erat
879 2159 1034 2233 intractus,

58 2241 313 2316 potentissimum.
347 2240 441 2301 Simul
461 2242 564 2316 itaque
580 2242 658 2300 duos
674 2248 855 2316 persecutus
870 2243 1034 2316 Pompeius

57 2323 180 2385 intravit
189 2325 372 2383 Arrrrenianr.
394 2323 479 2384 Prior
491 2324 571 2383 filius
583 2324 731 2400 Tigranis,
747 2327 802 2384 scd
815 2324 936 2389 discors
949 2326 1036 2401 patri,
1050 2335 1068 2387 3

57 2408 251 2485 pervenitad
266 2408 459 2482 Pompeium;
475 2426 547 2467 mox
561 2407 630 2482 ipse
645 2411 778 2483 supplex
793 2417 822 2469 et
836 2424 986 2484 praesens
1001 2425 1037 2469 se

58 2507 249 2565 regnumque
258 2490 372 2551 dicioni
383 2493 448 2551 eius
462 2493 606 2571 permisit,
619 2494 775 2568 praelatus
787 2491 1036 2552 nominemalium

58 2576 337 2650 nequeRomanmu
349 2593 450 2649 neque
462 2578 551 2635 ullius
563 2578 662 2650 gentis
674 2578 771 2636 virum
784 2578 916 2637 laturum
929 2577 1036 2648 luisse,

59 2660 146 2720 cuius
162 2674 198 2717 se
214 2659 351 2718 societati
372 2661 590 2719 conrmissurus
613 2661 705 2733 toret,
732 2677 823 2736 quam
840 2662 891 2721 Cn.
906 2661 1036 2735 Pompe-

58 2744 137 2813 ium3
164 2742 295 2817 proinde
317 2759 437 2801 omnem
458 2743 515 2802 sibi
539 2745 585 2802 rel
607 2746 768 2804 adversam
790 2747 837 2803 rel
859 2746 1036 2818 secundam,

59 2826 147 2887 cuius
173 2833 279 2886 auctor
303 2826 353 2885 ille
374 2833 472 2899 esset,
500 2828 651 2886 lortunam
677 2829 865 2888 tolerabilem
890 2829 1036 2897 futurarm

58 2926 121 2970 non
143 2926 216 2969 esse
236 2917 325 2984 turpe
346 2911 384 2969 ab
406 2926 443 2969 eo
465 2910 561 2981 vinci,
585 2926 676 2983 quem
697 2910 821 2969 vincere
837 2917 920 2968 esset
940 2913 1037 2983 nelos,

58 3008 161 3069 neque
176 2992 337 3053 inhoneste
352 2995 482 3068 aliquem
496 2994 638 3053 summitti
652 2995 730 3067 huic,
747 3010 837 3067 quem
853 2994 973 3051 fortuna
987 3009 1037 3052 su·

58 3092 116 3153 per
137 3076 237 3137 omnis
258 3078 426 3138 extulisset.
462 3076 610 3137 Servatus
631 3077 695 3152 regi
716 3078 817 3136 honos
832 3076 954 3151 imperi,
981 3077 1068 3135 seda

58 3162 184 3221 multato
199 3159 315 3237 ingenti
328 3162 470 3238 pecunia,
486 3178 566 3237 quae
581 3160 695 3235 omnis,
711 3162 799 3221 sicuti
813 3160 958 3234 Pompeio
973 3176 1037 3219 mo·

58 3243 196 3317 riserat,
216 3247 341 3306 redacta
355 3246 385 3307 in
403 3246 573 3321 quaestoris
589 3251 772 3321 potestatem
788 3262 823 3305 ac
840 3245 969 3320 publicis
985 3245 1038 3302 de-

59 3328 176 3403 scripta
195 3328 312 3391 litteris.
347 3332 437 3409 Syria
452 3331 606 3405 aliaeque,
630 3345 707 3404 quas
724 3335 944 3405 occupaverat,
968 3340 1037 3400 pro-

58 3411 181 3472 vinciae
195 3422 320 3489 ereptae
335 3423 366 3475 et
385 3416 463 3474 aliae
483 3413 639 3474 restitutae
654 3416 770 3488 populo
787 3415 941 3483 Romano,
962 3410 1040 3469 aliae

60 3502 123 3555 tum
139 3496 268 3571 primum
284 3496 314 3555 in
330 3498 396 3556 eius
413 3504 593 3570 potestatem
607 3499 765 3569 redactae,
787 3504 820 3556 ut
835 3496 940 3572 Syria,
960 3506 1039 3569 quor
