2266 3832
108 190 151 253 94
378 192 418 249 lt.
440 190 581 250 VELLEl
601 190 818 251 Parttltctttl

109 343 273 404 Sacroviro
289 344 445 419 Floroque
459 343 535 403 lulio
559 340 636 401 mira
653 342 808 403 celeritate
827 359 865 403 ac
879 342 990 403 virtute
1005 358 1093 405 com-

110 429 232 502 pressit,
248 437 281 488 ut
295 439 365 489 ante
380 428 677 502 populusRomanus
691 426 805 487 vicisse
818 443 853 487 se
868 442 958 502 quam
973 427 1094 489 bellare

109 521 312 586 cognosceret
340 511 532 585 nunciosque
562 509 689 585 periculi
717 510 864 571 victoriae
889 512 1093 585 praecederet

109 594 262 656 nuncius?
290 594 393 670 Magni
412 594 503 655 etiam
523 592 648 654 terroris
669 593 782 655 bellum
798 594 935 655 Africum
956 602 988 655 et
1003 594 1099 671 cotti,

109 679 200 739 diano
223 688 315 739 auctu
334 678 432 737 maius
454 676 602 751 auspiciis
623 675 822 752 consiliisque
843 677 910 738 eius
932 676 1019 737 brevi
1042 694 1091 739 se-

111 766 226 837 pultum
241 772 297 822 est.

78 860 90 906 1
194 845 307 905 CXXX.
350 844 467 918 Quanta
492 861 549 906 suo
576 860 763 919 suorumque
791 843 914 906 nomine
939 844 1090 905 exstruxit

110 937 226 1003 operat
242 947 334 1004 qtranr
351 928 400 1002 pia
414 929 621 988 munificentia
632 943 789 1003 superque
803 929 968 989 humanam
983 936 1092 989 evecta

108 1012 200 1072 lidern
216 1015 361 1088 templum
373 1012 453 1086 patri
463 1011 607 1072 molitur?
624 1028 715 1086 quam
729 1011 892 1086 magnifico
907 1010 1001 1071 animi
1016 1018 1090 1073 tem·

109 1107 286 1171 peramento
295 1097 346 1157 Cn.
357 1112 482 1171 quoque
488 1095 614 1170 Pompei
627 1112 753 1155 munera
759 1097 921 1171 absumpta
932 1093 1093 1171 igniresti·

108 1180 185 1239 tuitt
207 1181 355 1256 quicquid
370 1184 449 1241 enim
463 1196 598 1253 unquam
610 1179 788 1239 claritudine
803 1178 938 1253 eminuit,
954 1179 988 1239 id
997 1180 1092 1239 veluti

73 1275 89 1323 t
108 1272 272 1339 cognatum
283 1273 390 1325 censet
405 1264 559 1323 tuendum.
580 1263 644 1336 Qua
656 1263 833 1323 liberalitate
845 1264 1011 1333 cumanos,
1028 1271 1091 1323 tum

107 1347 249 1422 proxime
273 1347 401 1408 incenso
423 1356 526 1407 monte
548 1346 651 1407 Coelio
675 1346 773 1406 omnis
795 1345 912 1407 ordinis
933 1346 1090 1407 hominurn

106 1432 242 1492 iacturae
262 1431 444 1507 patrimonio
467 1430 618 1491 succurrit
638 1438 718 1490 suot
753 1430 870 1503 Quanta
893 1447 962 1491 curn
987 1430 1092 1505 quiete

102 1514 264 1575 lrominum
278 1533 342 1575 rem
358 1515 498 1591 perpetui
514 1513 735 1589 praecipuique
750 1514 876 1590 timoris,
893 1515 1091 1589 supplemen-

71 1609 89 1661 3
107 1607 185 1669 tum,
207 1599 274 1658 sine
295 1598 500 1674 trepidatione
514 1599 652 1658 delectus
675 1598 839 1673 providett
861 1597 893 1658 Si
908 1607 961 1658 aut
981 1605 1091 1659 notura

106 1684 283 1756 patituraut
298 1681 495 1742 mediocritas
509 1681 619 1755 recipit
632 1681 803 1753 hominurn,
819 1683 920 1743 audeo
936 1697 1005 1742 cum
1021 1680 1091 1741 deis

107 1766 208 1840 queri:
226 1766 300 1840 quid
315 1765 365 1824 hic
379 1765 503 1835 meruit,
522 1764 651 1839 primum
667 1774 700 1825 ut
715 1767 864 1826 scelerata
877 1766 999 1827 Drusus
1012 1765 1090 1824 Libo

105 1847 195 1908 iniret
215 1848 365 1909 consiliat
396 1848 509 1908 deinde
530 1856 563 1907 ut
584 1847 690 1908 Silium
711 1849 916 1924 Pisonemque
938 1857 1000 1909 tem
1024 1848 1093 1925 [sibi

105 1950 194 2009 quam
205 1936 326 2009 patriae
339 1934 462 2006 infestos
475 1934 610 2005 haberet,
627 1939 761 2008 quorum]
774 1933 899 1994 alterius
910 1931 1088 2008 dignitatem

106 2016 276 2089 constituit,
306 2017 391 2077 auxit
419 2016 565 2077 alterius?
594 2025 627 2077 ut
652 2017 692 2076 ad
720 2017 837 2078 maiora
861 2015 1089 2089 transcendam,

107 2118 292 2175 quamquam
310 2109 340 2161 et
354 2101 430 2160 llaec
452 2101 502 2160 ille
519 2099 606 2160 duxit
622 2101 768 2173 inaximo,
791 2101 881 2175 quid,
904 2107 939 2160 ut
958 2100 1089 2160 iuvenes

71 2186 254 2246 inmitteret
274 2184 376 2244 filios?
408 2184 496 2259 quid,
518 2192 551 2244 ut
568 2193 712 2259 nepotem
733 2201 771 2244 ex
793 2186 893 2245 Druso
915 2190 997 2245 suot
1026 2184 1089 2243 Do·

105 2269 197 2327 lenda
213 2270 313 2328 adhuc
333 2269 508 2339 retulinrus;
530 2267 713 2328 veniendum
734 2269 774 2328 ad
794 2266 1009 2329 erubescenda
1024 2274 1088 2327 est=

106 2352 228 2426 quantis
254 2353 314 2413 hoc
340 2351 517 2422 triennium,
549 2351 589 2409 M.
613 2351 729 2424 Vinici,
756 2350 915 2412 doloribus
940 2349 1088 2411 laceravit

104 2434 238 2495 animum
254 2437 343 2496 eiust
361 2452 452 2509 quam
468 2435 520 2494 diu
534 2435 693 2507 abstruso,
713 2435 797 2509 quod
811 2434 1014 2496 miserrimum
1031 2441 1088 2507 est,

103 2528 212 2593 pectus
235 2518 302 2578 eius
324 2517 465 2592 flagrauit
484 2516 644 2591 incendio,
666 2519 751 2593 quod
771 2535 811 2578 ex
831 2534 923 2592 nuru,
945 2520 1030 2593 quod
1048 2532 1088 2578 ex

71 2618 87 2667 5
104 2609 217 2675 nepote
232 2603 353 2671 dolere,
375 2599 541 2674 indignari,
564 2602 746 2662 erubescere
763 2611 889 2663 coactus
904 2609 967 2663 estt
993 2601 1088 2663 Cuius

103 2684 250 2759 temporis
265 2684 485 2758 aegritudinem
501 2685 586 2744 auxit
600 2685 715 2746 amissa
725 2693 830 2760 mater,
846 2684 1088 2747 eminentissima

104 2777 133 2828 ct
147 2784 204 2843 per
219 2767 321 2828 omnia
335 2767 403 2829 deis
419 2785 512 2844 quam
525 2768 701 2830 hominibus
717 2768 845 2831 similior
859 2768 981 2843 semina,
997 2768 1088 2831 cuius

103 2851 269 2925 potentiam
292 2869 381 2913 nemo
409 2853 507 2914 sensit
534 2852 592 2913 nisi
625 2863 677 2915 aut
703 2853 856 2915 levatione
881 2852 1008 2928 periculi
1035 2860 1088 2913 aut

103 2936 287 2997 accessione
302 2936 468 3012 dignitatis.

72 3030 85 3080 l
186 3021 313 3081 CXXXI.
343 3024 425 3082 Voto
447 3021 614 3081 finiendum
632 3024 772 3082 volumen
795 3020 843 3081 sit.
873 3018 1011 3095 luppiter
1030 3020 1086 3080 Ca-

130 3106 248 3177 rtoline,
278 3115 307 3163 et
331 3114 437 3165 auctor
463 3121 500 3164 ac
525 3113 620 3166 stator
643 3104 773 3165 Romani
800 3103 931 3167 nominis
953 3103 1086 3164 Gradive

106 3191 203 3261 Mars,
218 3197 499 3263 perpetuorumque
514 3197 620 3250 custos
634 3192 731 3249 Vesta
745 3186 876 3263 ignium,
892 3196 922 3248 et
936 3186 1085 3263 quicquid

103 3272 257 3334 numinum
286 3271 365 3331 hanc
386 3271 513 3332 Romani
541 3272 649 3345 imperi
673 3272 784 3331 molem
808 3270 838 3330 in
861 3270 1084 3347 amplissimum

102 3366 249 3418 terrarum
270 3355 352 3416 orbis
375 3354 528 3430 fastigium
550 3354 670 3428 extulit,
701 3371 760 3415 vos
783 3354 906 3430 publica
928 3371 1007 3415 voce
1030 3357 1084 3416 olt-

101 3449 197 3501 testor
218 3447 310 3514 atque
330 3454 456 3514 precor,
481 3439 647 3513 custodite,
670 3446 806 3511 servate,
829 3438 981 3515 protegite
1001 3439 1084 3499 hunc

920 3701 1008 3800 ἱ-
