2266 3832
117 228 159 291 86
381 228 421 285 Μ.
443 226 585 287 VELLEl
604 226 819 288 PATERCULI

116 379 206 452 ravit,
223 395 315 453 quarn
328 393 444 452 pauper
456 378 579 437 divitem
593 376 752 451 ingressus
764 376 850 436 dives
865 393 1035 451 pauperem
1048 395 1093 438 re·

87 462 212 537 tliquit.
235 463 264 521 ls
281 478 349 521 eum
366 460 527 534 exercitui,
545 460 596 534 qui
612 468 676 519 eret
689 461 718 518 in
732 460 906 533 Germania,
923 471 1093 535 praeesset,

117 547 258 620 concepit
273 561 343 604 esse
359 544 511 616 homines,
534 545 585 617 qui
600 543 672 602 nihil
688 549 808 617 praeter
821 558 930 603 vocem
944 545 1093 605 membra-

118 645 177 703 que
193 629 340 688 haberent
354 627 524 699 hominum,
545 626 658 702 quique
673 626 782 700 gladiis
799 626 916 688 domari
930 642 991 687 non
1009 637 1093 703 pote·

87 718 198 786 lrant,
214 728 309 786 posse
323 710 530 770 iuremulceri.
554 710 618 782 Quo
628 709 925 784 propositomediam
933 709 1094 785 ingressus

115 795 307 854 Germaniam
328 797 411 853 velut
431 795 509 852 inter
534 795 619 853 viros
637 794 723 867 pacis
750 793 910 866 gaudentis
932 793 1094 855 dulcedine

115 877 372 938 iurisdictionibus
389 878 571 951 agendoque
591 894 646 951 pro
666 875 808 937 tribunali
830 876 936 936 ordine
958 879 1094 938 trahebat

116 964 241 1021 aestiva.

89 1058 102 1107 t
200 1046 326 1104 cxvlll.
369 1046 409 1103 ,tt
422 1042 478 1116 illi,
506 1045 588 1118 quod
607 1045 665 1104 nisi
680 1052 824 1118 expertus
844 1043 895 1101 vix
917 1044 1039 1119 credat,
1064 1045 1093 1104 in

115 1146 233 1188 summa
258 1130 374 1187 scritate
394 1127 594 1187 versutissimi
619 1135 784 1202 natumque
804 1127 964 1186 mendacio
985 1142 1092 1202 genus,

115 1213 291 1272 simulantes
313 1213 400 1270 fictas
424 1211 517 1270 litium
533 1211 628 1271 series
650 1220 680 1271 et
700 1228 780 1270 nune
797 1218 1003 1285 provocantes
1020 1212 1094 1271 alter

115 1296 242 1356 alterum
264 1296 386 1368 iniuria,
409 1311 489 1354 nunc
511 1304 636 1368 agentes
651 1297 780 1367 gratias,
806 1294 890 1368 quod
905 1308 942 1353 ea
956 1294 1094 1354 Romana

115 1379 227 1439 iustitia
242 1381 342 1439 liniret
360 1380 526 1452 lenitasque
541 1396 597 1438 sua
612 1380 745 1438 novitate
766 1378 941 1451 incognitae
959 1377 1093 1452 discipli-

114 1479 173 1521 nae
188 1465 361 1523 mitesceret
375 1469 404 1521 et
418 1463 509 1523 solita
524 1463 614 1522 armis
631 1462 763 1521 discerni
776 1461 841 1521 iure
853 1459 1094 1535 terminarentur,

115 1544 145 1603 in
166 1564 313 1607 summam
335 1547 508 1606 socordiam
531 1548 703 1620 perduxere
719 1544 907 1618 Quintilium,
929 1560 1032 1618 usque
1047 1559 1094 1617 eo,

114 1636 147 1688 ut
162 1647 197 1688 se
213 1638 383 1705 praetorem
403 1630 551 1688 urbanum
572 1627 601 1688 in
618 1631 683 1690 lore
700 1630 747 1689 ius
763 1628 881 1700 dicere,
904 1643 966 1687 non
987 1628 1017 1686 in
1032 1644 1093 1687 me·

86 1711 173 1775 adils
190 1714 368 1772 Germaniae
384 1713 496 1771 finibus
514 1712 657 1773 exercitui
674 1728 820 1786 praeesse
836 1711 984 1771 crederet.
1019 1712 1095 1771 Tum

114 1795 232 1854 iuvenis
248 1810 360 1870 genere
376 1795 502 1867 nobilis,
530 1812 619 1854 manu
646 1796 746 1868 fortis,
774 1812 869 1854 sensu
894 1796 990 1867 celer,
1017 1797 1095 1854 ultra

113 1877 276 1938 barbarum
293 1887 452 1953 promptus
469 1879 604 1952 ingenio,
626 1880 747 1937 nomine
761 1878 931 1950 Arminius,
954 1876 1096 1951 Sigimeri

115 1963 261 2038 principis
274 1964 373 2037 gentis
389 1964 456 2022 eius
472 1963 567 2034 lilius,
583 1965 722 2024 ardorem
735 1961 825 2021 animi
838 1963 922 2021 vultu
934 1961 1097 2035 oculisque

116 2048 300 2119 praeterens,
314 2047 463 2106 adsiduus
476 2047 599 2107 militiae
612 2054 735 2107 nostrae
749 2046 860 2122 prioris
874 2060 987 2118 comes,
1004 2050 1094 2117 [eum]

115 2130 180 2188 iure
187 2131 276 2190 etiam
285 2130 414 2189 civitatis
422 2132 577 2190 Romanae
585 2132 632 2190 ius
645 2131 797 2205 equestris
813 2144 1011 2204 consequens
1025 2144 1093 2203 gra·

116 2212 188 2285 duS,
206 2215 334 2287 segnitia
350 2216 436 2273 ducis
451 2215 481 2273 in
495 2212 688 2275 occasionem
704 2214 830 2273 sceleris
845 2228 921 2272 usus
933 2218 995 2287 est,
1011 2211 1095 2271 haud

112 2294 1094 2372 imprudenterspeculatusneminemceleriusopprimiquamqui

115 2380 186 2438 nihil
201 2381 331 2449 timeret,
349 2390 378 2440 et
394 2381 672 2454 frequentissimum
696 2381 809 2440 initium
828 2394 900 2439 esse
915 2378 1094 2438 calamitatis

85 2464 317 2522 3securitatem.
339 2463 437 2523 Primo
454 2465 543 2538 igitur
559 2481 692 2537 paucos,
714 2481 786 2524 mex
801 2463 896 2537 pluris
917 2462 947 2520 in
964 2463 1094 2523 societa-

115 2553 174 2604 tem
197 2546 457 2619 consili1·ecepit;
479 2548 609 2621 opprimi
632 2564 727 2622 prosse
748 2549 905 2607 Romanos
928 2554 958 2605 et
978 2544 1051 2605 dicit
1064 2550 1094 2603 et

116 2629 297 2701 persuadel;
314 2630 443 2688 decretis
461 2631 539 2689 lacta
555 2632 663 2704 iungit,
687 2637 806 2705 tempus
826 2629 1008 2689 insidiarum
1022 2644 1095 2688 con-

85 2710 218 2770 istituit.
253 2712 287 2770 ld
302 2712 385 2772 Varo
408 2729 463 2786 per
484 2715 581 2773 virum
603 2716 669 2774 eius
691 2715 789 2790 gentis
811 2714 932 2772 fidelem
959 2713 1094 2787 clarique

114 2793 261 2868 nominis,
279 2795 446 2870 Segesten,
462 2798 627 2868 iudicatum
644 2796 1007 2872 [atlobstabantiamlata
1022 2812 1094 2855 con·

114 2879 380 2954 siliisonmemque
389 2882 479 2940 animi
488 2882 553 2941 eius
569 2883 665 2942 aciem
682 2881 960 2957 praestrinxerant=
978 2880 1095 2954 quippe

114 2964 155 3022 ita
170 2979 205 3022 se
220 2980 269 3022 res
285 2964 390 3036 habel,
413 2972 446 3024 ut
462 2966 639 3040 plerumque
657 2966 733 3041 [qui]
758 2967 910 3024 lortunam
925 2970 1094 3024 mutaturus

116 3049 192 3105 dens
206 3046 333 3106 consilia
346 3057 519 3121 corrumpat
531 3050 714 3124 efficiatque,
728 3048 811 3123 quod
825 3046 1026 3107 miserrimum
1038 3052 1094 3117 est,

115 3138 148 3188 ut
161 3129 245 3202 quod
258 3130 416 3204 acciderit,
431 3133 520 3190 etiam
531 3133 637 3192 merito
650 3133 802 3191 accidisse
814 3131 953 3190 videatur
961 3137 991 3190 et
1002 3143 1095 3189 casus

86 3220 103 3270 5
118 3213 148 3270 in
160 3213 283 3286 eulpam
297 3220 439 3273 transeat.
463 3214 559 3288 Negat
574 3215 676 3289 itaque
689 3231 724 3274 se
740 3214 882 3287 credere,
898 3212 1096 3289 speciemque

118 3296 148 3353 in
177 3312 211 3354 se
227 3296 458 3355 benevolentiae
484 3313 523 3355 ex
537 3299 643 3358 merito
665 3299 827 3358 aestimare
843 3299 1017 3373 profitetur;
1038 3310 1096 3353 nec

121 3379 233 3438 diutius
251 3384 321 3452 post
336 3379 463 3451 primurn
478 3381 607 3440 indicem
622 3382 758 3441 seeundo
774 3383 897 3441 relictus
913 3383 1010 3440 loeus.

91 3470 102 3520 t
208 3461 304 3521 CXlX.
342 3460 483 3522 Ordinem
498 3465 708 3524 atrocissimae
724 3462 916 3535 calamitatis,
940 3479 1000 3536 qua
1015 3463 1099 3521 nulla
