2266 3832
123 180 167 243 90
397 178 440 239 Μ.
457 178 600 239 VELLEl
620 177 837 239 PATERCULI

125 335 281 395 resolutus
302 330 388 392 initia
403 330 549 406 Pompeio
566 328 763 405 Apuleioque
780 330 962 391 consulibus
982 338 1109 406 septua-

125 417 244 493 gesimo
263 425 353 478 sexto
368 432 449 475 anuo
468 416 599 474 animam
614 414 781 474 coelestem
795 416 884 475 coelo
900 411 1047 475 reddidit.

94 517 107 567 f
210 501 340 560 CXXIV.
365 498 442 572 Quid
458 508 528 558 tunc
544 495 684 557 homines
698 496 866 571 timuerint,
882 512 964 573 quae
981 506 1107 560 senatus

126 584 304 660 trepidatio,
327 598 407 658 quae
428 580 536 656 populi
557 579 715 654 confusio,
740 581 811 656 quis
832 582 916 643 orbis
933 588 1052 655 melus,
1078 582 1106 642 in

126 685 218 745 quarn
232 676 298 728 arto
315 665 421 726 salutis
437 664 574 740 enitique
589 662 736 725 fuerimus
751 665 901 739 confinio,
916 680 1024 740 neque
1036 664 1107 726 mihi

125 763 186 813 tam
210 749 363 811 festinanti
385 748 557 823 exprimere
580 755 669 808 vacat
686 765 789 824 neque
809 748 860 809 cui
881 757 972 810 vacat
989 758 1106 825 potesq

126 837 158 896 id
174 836 275 895 solum
291 849 371 893 voce
393 832 517 907 publica
537 830 655 891 dixisse
680 832 756 893 satis
776 831 892 893 habeo=
913 833 1004 894 cuius
1026 832 1106 893 orbis

126 918 243 978 ruinam
259 916 465 985 timueramus,
482 932 550 975 eum
563 932 603 975 ne
614 925 798 976 commotum
814 915 938 991 quidem
954 916 1107 978 sensimus

125 1011 271 1075 tantaque
283 1001 374 1061 unius
389 999 445 1059 viri
457 999 602 1060 maiestas
614 999 679 1072 fuit,
695 1008 729 1060 ut
743 1017 801 1060 nec
815 999 906 1061 bonis
921 1016 1027 1075 neque
1037 1016 1107 1063 con-

92 1094 111 1145 2
127 1096 171 1147 tra
186 1088 284 1145 malos
299 1102 378 1160 opus
396 1082 489 1143 armis
507 1085 594 1144 foret.
615 1085 684 1144 Una
699 1092 800 1144 tamen
816 1083 910 1145 veluti
927 1084 1053 1148 luctatio
1068 1083 1107 1145 ci-

125 1170 228 1230 vitatis
254 1168 324 1241 fuit,
352 1167 515 1244 pugnantis
539 1183 607 1226 cum
630 1168 762 1228 Caesare
788 1176 913 1229 senatus
938 1168 1109 1245 populique

125 1253 270 1326 Romani,
285 1261 319 1313 ut
334 1252 457 1313 stationi
473 1260 617 1326 paternae
632 1252 829 1326 succederet,
843 1250 941 1326 illius,
959 1260 993 1313 ut
1007 1252 1108 1328 potius

126 1338 286 1413 aequalem
299 1336 397 1396 civem
410 1353 501 1411 quam
509 1334 690 1397 eminentem
701 1334 807 1397 liceret
817 1352 910 1411 agere
920 1334 1109 1412 principemt

128 1422 251 1482 tandem
264 1420 363 1494 magis
377 1422 495 1481 ratione
511 1436 603 1493 quam
618 1419 736 1480 honore
751 1419 850 1482 victus
865 1428 922 1491 est,
937 1435 1010 1480 cum
1025 1418 1108 1495 quic-

128 1505 201 1579 quid
218 1505 365 1565 tuendum
383 1521 443 1564 non
466 1502 673 1578 suscepisset,
698 1503 864 1577 periturum
880 1503 1017 1575 videret,
1038 1502 1109 1565 soli-

127 1604 187 1662 que
212 1587 284 1647 huic
311 1587 436 1662 contigit
460 1602 560 1661 paene
586 1587 699 1646 diutius
723 1604 869 1647 recusare
894 1586 1108 1662 principatum,

92 1680 233 1745 3quam,
252 1678 286 1731 ut
300 1680 488 1744 occuparent
502 1687 586 1744 eum,
610 1669 661 1729 alii
676 1670 769 1730 armis
789 1678 1011 1745 pugnaverant.
1037 1670 1111 1731 Post

125 1754 276 1814 redditum
289 1755 377 1813 coelo
395 1761 510 1826 patrem
525 1761 555 1813 et
566 1770 680 1826 corpus
693 1754 761 1813 eius
776 1752 916 1813 humanis
929 1752 1110 1827 honoribus

127 1853 239 1897 numen
252 1835 364 1896 divinis
380 1836 560 1897 honoratum
576 1835 704 1910 primum
722 1837 936 1912 principalium
952 1836 1021 1897 eius
1036 1852 1110 1913 ope

125 1937 192 1981 rum
210 1920 264 1981 fuit
281 1918 429 1980 ordinatio
445 1919 651 1995 comitiorum,
677 1937 768 1996 quam
783 1937 874 1980 manu
889 1937 948 1981 sua
964 1920 1109 1996 scriptam

93 2006 216 2067 corvus
232 2007 390 2078 Augustus
412 2004 588 2079 reliquerat.
618 2003 684 2078 Quo
705 2012 845 2079 tempore
867 2003 941 2063 mihi
964 2002 1111 2079 fratrique

126 2106 211 2160 meo,
236 2086 406 2148 candidatis
424 2087 579 2159 Caesaris,
604 2088 743 2162 proxime
758 2106 776 2147 a
793 2086 994 2149 nobilissimis
1009 2104 1048 2148 ac
1062 2104 1111 2147 sa-

128 2173 334 2233 cerdotalibus
350 2170 424 2232 viris
446 2171 594 2232 destinari
617 2171 810 2247 praetoribus
834 2170 977 2246 contigit,
1000 2188 1110 2233 conse·

127 2256 215 2329 cutis,
230 2265 264 2316 ut
278 2272 381 2330 neque
398 2265 471 2330 post
485 2273 542 2316 nos
559 2272 744 2330 quemquam
759 2256 850 2315 divus
864 2258 1040 2329 Augustus,
1057 2270 1110 2315 ne-

128 2356 188 2414 que
205 2347 275 2400 ante
292 2356 349 2400 nos
367 2339 480 2400 Caesar
497 2340 728 2400 commendaret
742 2339 891 2399 Tiberius.

94 2432 108 2482 1
211 2424 325 2482 CXXV.
355 2423 433 2483 Tulit
453 2422 593 2497 protinus
612 2432 643 2483 et
659 2423 721 2483 voti
739 2432 770 2483 et
785 2421 894 2483 consili
915 2421 962 2483 sui
979 2421 1110 2496 prelium

126 2506 301 2579 respublica
316 2522 417 2581 neque
432 2506 484 2565 diu
500 2506 586 2566 latuit
601 2514 653 2566 aut
664 2505 738 2580 quid
753 2524 815 2566 non
830 2505 1022 2580 impetrando
1037 2522 1111 2579 pas·

92 2598 110 2648 2
126 2589 189 2649 suri
197 2588 433 2660 fuissemus,aut
441 2589 513 2662 quid
522 2589 713 2663 impetrando
723 2591 973 2665 profecissemus.
990 2588 1111 2665 Quippe

126 2671 296 2746 exercilus,
322 2672 374 2747 qui
390 2672 420 2731 in
437 2673 600 2733 Germania
620 2673 767 2734 militabat
784 2672 1022 2749 praesentisque
1037 2672 1112 2733 Ger-

125 2756 236 2816 manici
259 2755 389 2832 imperio
410 2756 587 2833 regebatur,
616 2758 770 2832 simulque
793 2757 947 2833 legiones,
975 2772 1058 2833 quae
1082 2756 1111 2815 in

126 2840 247 2917 illyrico
271 2850 371 2914 erant,
394 2840 480 2902 rabie
505 2844 637 2916 quadarn
664 2850 694 2903 et
719 2842 874 2917 profunda
900 2839 1112 2902 confundendi

127 2925 227 2985 omnia
242 2925 409 3000 cupiditate
429 2944 543 2986 novum
564 2927 690 2998 ducem,
714 2943 828 2986 novum
849 2932 975 2996 statum,
998 2940 1112 2985 novam

127 3008 316 3083 quaerebant
336 3010 572 3086 rempublicam,
601 3011 674 3084 quin
699 3011 790 3070 etiam
814 3008 882 3070 ausi
906 3015 978 3070 sunt
1002 3006 1113 3069 minari

126 3095 252 3153 daturos
269 3094 397 3165 senatui,
414 3095 541 3155 daturos
560 3093 690 3169 principi
706 3094 807 3169 leges3
825 3094 948 3153 modum
965 3090 1113 3168 stipendi,

125 3178 217 3237 finem
238 3176 360 3238 militiae
379 3178 437 3238 sibi
461 3176 522 3252 ipsi
545 3178 730 3239 constituere
752 3176 854 3238 conati
875 3185 961 3247 sunl,
982 3190 1098 3251 proces

126 3277 194 3320 sum
216 3261 307 3320 etiam
327 3261 358 3320 in
381 3278 464 3321 arma
487 3264 661 3336 ferrumque
682 3261 819 3323 strictum
843 3267 942 3321 estet
962 3276 1065 3335 paene
1080 3258 1111 3318 in

124 3344 261 3405 ultimum
276 3344 447 3418 gladiorum
463 3345 564 3421 erupit
577 3345 743 3422 impunitas
760 3346 916 3420 defuitque
934 3343 987 3418 qui
1003 3350 1112 3403 contra

92 3428 345 3504 brempublioam
368 3430 509 3502 duceret,
534 3447 595 3490 non
619 3430 671 3506 qui
697 3436 909 3505 sequerentur.
943 3426 1008 3487 Sed
1030 3426 1109 3486 haec
