2266 3832
136 206 177 268 74
406 206 445 265 lt.
467 204 609 264 VELLEI
629 203 846 265 PATERCULI

105 370 116 421 t
217 358 318 417 xcix.
351 358 441 416 Brevi
457 356 614 416 interiecto
636 356 736 430 spallo
750 356 793 414 Ti.
808 356 888 415 ll'cro
904 354 1028 417 duobus
1044 372 1116 419 con-

135 441 285 503 sulatibus
299 441 488 515 totidemque
501 438 663 514 triumphis
674 440 750 498 aclis
763 439 941 499 tribuniciae
953 442 1115 515 potestatis

135 528 332 587 consortione
347 533 495 596 aequatus
507 526 658 597 Augusto,
674 522 784 581 civium
800 532 871 596 post
885 540 988 595 unum,
1004 524 1114 599 etheo,

136 612 207 685 quia
222 610 352 680 volebat,
369 608 637 677 eminentissimus,
654 607 766 665 ducum
780 608 940 678 maximus,
958 608 1042 667 lama
1057 609 1113 669 ior·

134 701 269 767 lunaque
287 692 502 751 celeberrimus
524 698 555 749 et
575 705 647 749 vere
667 692 793 749 alterum
813 690 1002 764 reipublicae
1015 693 1114 751 lumen

134 786 164 835 et
184 783 289 850 caput.
316 776 391 833 mira
413 776 544 848 quadarn
567 782 598 834 et
616 774 786 833 incredibili
807 782 898 847 ratque
919 774 1112 835 inenarrabili

135 862 261 934 pictate,
283 860 370 918 cuius
386 874 498 917 causae
520 874 591 917 mox
608 858 745 917 delectae
761 865 845 928 sunt,
869 873 937 917 cum
953 858 986 916 C.
1003 857 1114 919 caesar

134 944 319 1018 sumpsisset
334 944 392 1000 iam
406 941 522 1000 virilem
539 950 649 1015 togam.
667 942 778 1001 Lucius
792 942 863 1000 item
878 950 1017 1002 maturus
1033 950 1113 1003 esset

134 1028 258 1097 viribus,
276 1042 313 1084 ne
328 1028 428 1099 lulgor
442 1042 519 1085 suus
532 1026 690 1084 orientium
705 1024 848 1084 iuvenum
861 1024 999 1086 obstaret
1011 1025 1110 1093 initiis,

134 1112 325 1171 dissimulata
340 1125 435 1170 causa
450 1110 559 1169 consili
574 1110 621 1169 sui
637 1117 837 1169 commeatum
849 1109 887 1167 ab
899 1124 1011 1169 socero
1022 1116 1112 1184 atquc

133 1196 243 1255 eodem
264 1195 371 1254 vitrico
392 1194 612 1268 adquiescendi
628 1209 646 1251 a
661 1193 888 1253 continuatione
908 1192 1049 1253 laborum
1064 1210 1111 1268 pe

100 1279 186 1343 altit.
209 1279 283 1352 Quis
300 1279 388 1337 irrerit
403 1294 439 1337 eo
455 1285 593 1352 tempore
609 1277 738 1336 ciuitatis
753 1277 890 1347 habitus,
912 1277 964 1350 qui
978 1278 1110 1352 singulo-

133 1380 199 1423 rum
221 1362 329 1434 animi‚
351 1378 430 1437 quae
452 1360 682 1435 digredientium
703 1377 721 1419 a
742 1368 824 1420 tanto
841 1359 906 1420 riro
922 1360 1058 1421 omnium
1073 1362 1110 1419 la·

133 1448 259 1521 crimae,
277 1464 367 1521 quarn
384 1462 481 1520 paene
495 1445 522 1504 ei
538 1446 635 1519 patria
649 1460 770 1504 manum
786 1442 936 1515 iniecerit,
952 1443 1035 1506 iusto
1050 1460 1111 1505 ser-

100 1542 118 1595 3
132 1548 240 1591 vemus
253 1532 355 1604 operi:
372 1529 445 1588 illud
459 1530 548 1588 etiam
563 1528 593 1588 in
610 1527 669 1587 hoc
685 1535 863 1587 transcursu
876 1527 1042 1589 dicendum
1059 1533 1110 1601 est,

134 1616 173 1673 ita
194 1621 312 1687 septem
337 1630 436 1672 annos
458 1613 558 1673 Rhodi
583 1620 747 1683 moratum,
773 1619 807 1671 ut
827 1628 950 1683 omues,
978 1612 1032 1687 qui
1058 1628 1109 1688 pro

134 1696 312 1755 consulibus
324 1696 477 1770 legalique
489 1696 518 1755 in
532 1695 750 1755 transmarinas
765 1696 895 1770 proiecti
911 1696 1029 1773 [essent]
1044 1712 1110 1773 pro

133 1780 265 1853 vincias,
287 1779 407 1838 visendi
423 1776 490 1838 eius
505 1780 602 1853 gratia
616 1780 654 1838 ad
671 1796 740 1839 eum
757 1780 975 1839 convenientes
990 1794 1111 1856 semper

134 1864 266 1937 privato,
290 1863 316 1922 si
331 1864 382 1923 illa
396 1864 539 1922 maiestas
556 1862 674 1938 privata
688 1879 822 1938 unquam
837 1862 906 1937 luit,
928 1863 1024 1924 lascis
1039 1880 1109 1925 suos

133 1945 340 2007 summiserint
360 1948 497 2021 lassique
522 1948 582 2007 sint
606 1945 699 2007 otium
722 1948 788 2007 eius
814 1946 993 2007 honoratius
1018 1948 1111 2025 impe

132 2033 177 2091 rio
194 2048 260 2091 suo.

101 2122 116 2171 1
215 2115 245 2174 C.
280 2115 383 2175 Sensit
402 2123 548 2174 terrarum
570 2115 653 2174 orbis
674 2116 846 2190 digressum
863 2131 882 2173 a
900 2116 1043 2175 custodia
1056 2115 1110 2175 lle·

133 2215 238 2260 runem
258 2200 358 2259 urbis=
384 2216 453 2258 nam
468 2208 497 2258 et
511 2199 639 2259 Parthus
661 2199 840 2258 desciscens
856 2214 875 2257 a
889 2199 1039 2259 societate
1052 2200 1110 2259 Ro·

134 2300 224 2342 mana
244 2283 354 2342 adiecit
367 2284 531 2342 Armeniae
552 2299 673 2342 manum
695 2291 725 2342 et
740 2282 901 2341 Germania
922 2281 1043 2343 aversis
1058 2284 1110 2342 do·

99 2367 247 2427 annitaris
269 2367 316 2425 sui
339 2367 437 2426 oculis
457 2367 625 2426 rebellavit.
661 2369 700 2424 At
721 2367 751 2424 in
774 2366 849 2425 urbe
871 2382 908 2426 eo
930 2367 1001 2440 ipso
1021 2382 1110 2439 anno,

134 2467 194 2524 quo
216 2449 524 2522 magnificentissimis
547 2450 717 2522 gladiatorii
740 2450 873 2509 muneris
898 2448 1110 2511 naumachiae

133 2548 192 2607 que
208 2534 392 2604 spectaculis
409 2532 499 2590 divus
515 2538 672 2605 Augustus
688 2533 799 2591 abhinc
814 2549 911 2592 annos
928 2533 1060 2607 triginta,
1076 2550 1111 2595 se

132 2623 162 2675 et
177 2616 262 2674 Gallo
279 2614 402 2673 Caninio
419 2616 612 2688 consulibus,
636 2618 776 2677 dedicato
790 2616 895 2676 Martis
916 2617 1032 2691 templo
1047 2618 1111 2677 ani-

132 2716 198 2758 mos
225 2699 394 2772 oculosque
420 2700 525 2773 populi
546 2701 674 2759 Romani
700 2703 886 2776 repleverat,
912 2701 1004 2759 loeda
1029 2701 1110 2761 dictu

82 2846 85 2851 ,
131 2782 337 2856 'memoriaque
360 2782 513 2843 horrenda
534 2785 561 2843 in
585 2783 683 2858 ipsius
700 2786 791 2844 donro
814 2791 980 2858 tempestas
995 2784 1111 2860 eruplt=

99 2867 247 2941 itquippe
269 2867 331 2926 lilia
352 2868 418 2926 eius
434 2868 523 2940 lulia,
545 2885 600 2943 per
623 2868 723 2928 omnia
745 2868 817 2927 tanti
840 2868 974 2942 parentis
995 2884 1034 2927 ac
1054 2868 1110 2927 viri

133 2952 301 3023 immemor,
323 2951 395 3010 nihil
418 2952 501 3025 qrrod
523 2954 623 3011 lacere
642 2960 695 3012 aut
716 2950 777 3026 pati
800 2952 925 3026 turpiter
944 2958 1054 3026 posset
1069 2954 1110 3011 ie-

133 3034 221 3107 mina,
238 3036 364 3107 luxuria,
381 3035 503 3093 libidine
518 3037 660 3094 iniectum
674 3036 795 3110 reliquit
809 3035 1112 3111 magnitudinemque

132 3119 270 3177 fortunae
285 3134 360 3176 suae
376 3119 523 3192 peccandi
535 3118 655 3178 licentia
666 3118 854 3189 metiebatur,
874 3118 1020 3193 quicquid
1036 3118 1111 3178 libe·

100 3207 176 3260 eret
191 3217 246 3275 pro
267 3200 348 3259 licito
370 3200 540 3262 vindicans.
573 3202 646 3260 Turn
661 3203 745 3262 Iulus
760 3203 928 3274 Antonius,
954 3202 1112 3275 singulare

132 3285 303 3358 exemplum
322 3286 499 3345 clementiae
514 3283 663 3356 Caesaris,
680 3286 808 3346 violator
823 3286 889 3346 cius
905 3286 1024 3359 domus,
1042 3286 1112 3360 ipse

131 3368 257 3426 sceleris
279 3383 347 3426 ase
363 3367 518 3427 commissi
539 3369 619 3427 ultor
635 3369 703 3438 luit;
732 3385 822 3443 quem
844 3370 923 3428 victo
939 3368 1005 3427 eius
1022 3376 1112 3443 patre

131 3467 192 3510 non
207 3458 320 3510 tantum
336 3451 541 3510 incolumitate
556 3452 731 3523 donaverat,
748 3452 804 3510 sed
820 3451 1004 3524 sacerdotio,
1020 3468 1096 3527 prae
