2310 3840
151 226 192 291 18
487 228 723 309 nornorrr

150 410 204 454 rex,
221 395 296 443 ludos
306 401 445 458 spectatum
456 393 562 442 Romam
573 394 649 443 venit.
673 391 697 441 2.
710 392 806 440 Bellum
817 391 973 457 Ligusticum
984 393 1062 443 felici·

150 471 188 512 ler
201 475 302 529 gestum
320 470 453 524 metusque
465 463 552 510 Punici
564 462 687 511 sublatus.
712 459 738 513 3.
751 459 833 509 Otium
850 476 896 524 per
914 464 999 511 orbem
1012 462 1063 511 Ro·

150 548 260 581 manum.
284 531 309 584 4.
321 530 418 579 Bellum
436 530 567 595 lllpricum.
592 532 617 581 5.
628 527 652 579 6.
671 529 760 578 Clades
774 528 901 578 Gallorum
921 533 947 580 in
965 531 1063 580 ltuliem

150 602 349 665 irrumpentium.
373 596 389 651 7
405 628 424 636 -
437 596 479 647 23.
498 599 594 648 Bellum
606 600 721 647 Istrioum
740 608 764 646 et
779 597 901 648 Punicum
913 601 1062 660 secundum,

149 671 226 719 variis
238 669 384 732 regionibus
396 678 420 716 et
432 683 515 715 rernm
526 667 741 716 vicissitudinibus
759 675 865 730 gestum.

214 737 301 801 (iar,
315 735 338 796 1.
359 735 452 795 Finito
464 738 550 812 igitur
560 735 665 794 Prmico
678 735 766 810 bello,
781 734 858 812 quod
871 751 923 811 per
933 755 1002 795 xxm
1014 754 1062 794 an·

149 836 201 880 nos
213 829 330 879 tractum
347 828 406 895 est,
424 820 542 878 Romani
559 822 613 878 iam
632 818 787 877 clarissima
800 819 891 895 gloria
906 821 966 878 noti
983 819 1064 896 lega·

148 914 195 964 tos
206 904 240 963 ad
253 903 454 978 Ptolemaeum,
469 903 595 979 Aegypti
607 920 717 978 regem,
732 903 867 960 miserunt
877 902 980 960 auxilia
996 919 1061 979 pro-

149 990 306 1062 mittentes,
331 989 395 1065 quia
413 1006 464 1045 rex
478 987 577 1060 Syriae
587 985 744 1044 Antiochus
760 988 786 1045 ei
799 985 903 1045 bellum
920 986 1061 1045 intulerat.

148 1070 201 1130 lllc
214 1073 319 1147 gratias
332 1071 466 1129 Romanis
481 1071 556 1146 egit,
574 1068 676 1128 auxilia
686 1075 743 1128 non
757 1071 878 1145 accepit.
912 1068 970 1128 lam
988 1071 1061 1128 euim

149 1154 241 1213 luerat
260 1171 353 1230 pugna
372 1162 519 1212 transacta.
560 1151 670 1211 Eodem
693 1161 822 1230 tempore
848 1155 1062 1229 potentissimus

149 1255 201 1296 rex
219 1236 334 1296 Siciliae
351 1236 438 1295 Hiero
459 1236 577 1295 Romam
594 1238 670 1295 venit
687 1235 722 1294 ad
740 1235 822 1294 ludos
843 1235 1015 1313 spectandos
1034 1245 1063 1296 et

150 1318 271 1380 ducenta
287 1319 362 1380 milia
374 1320 531 1378 modiorum
543 1321 628 1379 tritici
643 1320 751 1397 populo
764 1319 867 1378 donum
879 1320 1014 1379 exhibuit.

93 1435 146 1478 ω,
214 1405 298 1465 Gar.
316 1403 351 1464 ll.
386 1404 422 1463 1..
438 1402 571 1463 Cornelio
587 1403 721 1479 Lentulo,
740 1403 841 1463 Fulvio
858 1403 962 1462 Flacco
983 1422 1060 1462 coss.

63 1548 75 1553 ,
92 1489 250 1564 nequibas
265 1488 352 1547 Hiero
364 1487 482 1546 Romam
496 1497 627 1563 venerat,
652 1490 735 1546 etiam
751 1496 848 1546 contra
858 1487 977 1565 Ligures
991 1490 1061 1549 intra

148 1569 254 1631 ltaliam
273 1571 378 1629 bellum
392 1580 504 1648 gestum
520 1580 564 1629 est
576 1580 603 1629 et
615 1570 650 1629 de
662 1572 706 1629 his
717 1572 924 1648 triumphatum.
946 1570 1060 1632 Cartha·

148 1657 293 1733 ginienses
304 1663 362 1713 tum
373 1652 478 1712 bellum
491 1672 623 1731 rapuere
634 1655 777 1714 tentabant
792 1655 999 1732 sarcinienses,
1013 1657 1060 1733 qni

148 1757 184 1798 ex
196 1737 364 1797 condicione
381 1739 459 1814 pacis
474 1737 607 1797 Romanis
624 1755 725 1815 parere
742 1738 897 1815 debebant,
919 1739 954 1798 ad
967 1738 1062 1798 rebel·

147 1820 259 1881 landum
281 1821 471 1898 impellentes.
509 1821 592 1880 Venit
608 1831 699 1880 tamen
719 1821 824 1900 legatio
849 1821 1061 1900 Carthaginen-

148 1908 220 1964 sium
232 1904 349 1964 Romam
362 1914 391 1964 et
409 1922 508 1982 pacem
523 1907 690 1981 impetravit.

83 2005 140 2054 su.
212 1989 297 2049 Gan.
310 1987 361 2046 111.
395 1986 427 2048 Τ.
441 1987 545 2047 llanlio
557 1987 717 2067 Torquato,
734 1988 767 2049 C.
778 1988 865 2050 Atilio
877 1990 967 2050 Bulbo
983 2008 1060 2052 coss.

87 2072 124 2116 ⁶¹³
149 2073 185 2132 de
203 2073 299 2132 Sardis
315 2073 589 2150 triumphatumest,
612 2082 640 2132 et
661 2091 733 2150 pace
749 2075 878 2134 omnibns
896 2075 969 2133 locis
986 2075 1060 2134 lacta

147 2156 265 2216 Romani
277 2156 382 2216 nullum
398 2156 503 2215 bellum
521 2157 692 2232 habuerunt,
716 2156 793 2233 quod
805 2159 849 2217 his
860 2167 927 2235 post
942 2157 1060 2217 Romam

147 2240 286 2300 conditam
303 2240 392 2299 semel
405 2249 521 2316 tantum,
540 2239 629 2300 Numa
641 2239 779 2317 Pompilio
796 2251 946 2320 regnanto,
971 2244 1059 2300 conti·

145 2334 236 2401 gerat

79 2446 133 2490 ,0
211 2408 296 2467 Cae.
314 2405 361 2464 lV.
384 2406 415 2465 L
430 2407 589 2466 Postumius
605 2406 735 2484 Albinus,
759 2406 810 2468 Cn.
823 2407 939 2469 Fulvius
956 2407 1058 2470 Centu-

84 2512 128 2558 aar
147 2489 236 2552 malus
249 2508 326 2550 coss.
339 2490 444 2549 bellum
459 2500 555 2549 contra
566 2489 840 2568 lllyriosgesserunt
851 2493 1016 2553 etmultis
990 2496 1059 2553 orvi

82 2585 138 2626 amu
146 2576 250 2634 tatibus
270 2576 360 2650 captis
376 2577 459 2634 etiam
474 2592 560 2652 reges
576 2577 604 2634 in
620 2575 791 2634 deditionem
803 2587 983 2654 acceperunt.
1015 2577 1059 2636 Ae

88 2651 134 2694 ⁵²⁴·
128 2668 204 2718 ·tum
219 2659 337 2735 primum
350 2656 384 2717 de
399 2655 502 2733 Illyriis
515 2660 711 2736 triumphatum
726 2669 779 2718 est.

86 2771 142 2814 Au
208 2743 296 2802 Gur.
312 2741 346 2801 V.
359 2740 427 2821 (ll.)
452 2741 482 2800 L.
495 2741 657 2802 Aemilio**
677 2761 753 2802 coss
770 2746 900 2821 ingentes
917 2744 1059 2804 Gallorum

91 2837 137 2881 sas.
147 2825 346 2903 copiaeAlpes
360 2829 536 2886 transierunt.
558 2826 617 2886 Sed
629 2844 680 2903 pro
692 2827 826 2887 Romanis
836 2837 896 2886 tota
904 2827 983 2888 ltalia
991 2846 1058 2888 con-

94 2910 97 2916 “
145 2911 245 2985 sensit,
263 2908 451 2986 traditumque
463 2918 507 2968 est
518 2928 533 2968 a
544 2908 632 2969 Fabio
646 2911 793 2986 historico,
814 2914 861 2989 qui
880 2914 906 2971 ei
922 2912 999 2971 bello
1016 2914 1058 2971 in·

144 2993 249 3070 terluit,
267 3014 342 3054 neoc
361 2993 436 3052 milia
453 2994 593 3052 homiuum
615 3003 710 3071 parata
727 2993 762 3054 ad
781 2994 809 3054 id
829 2994 934 3054 bellum
957 2996 1057 3056 luisse.

145 3076 202 3135 Sed
213 3095 260 3136 res
273 3095 326 3154 per
338 3077 485 3136 consulem
500 3086 603 3135 tantum
615 3095 754 3154 prospere
771 3087 854 3155 gesta
872 3089 925 3140 est.
957 3099 994 3138 sn
1006 3083 1057 3138 mi·

143 3159 181 3219 lia
193 3161 315 3220 hostium
328 3161 476 3220 interfecta
488 3170 552 3219 sunt
566 3171 594 3219 ct
605 3162 760 3238 triumphus
772 3163 894 3222 Aemilio
913 3163 1056 3222 decretus.

208 3245 295 3303 Gar.
313 3244 361 3303 Vl.
393 3244 510 3322 Aliquot
530 3244 631 3304 deinde
648 3247 815 3324 annis.post
840 3256 936 3306 contra
959 3245 1058 3306 Gallos

86 3330 216 3389 Auintru
226 3327 333 3387 ltaliam
346 3338 497 3405 pugnatum
510 3338 564 3404 est,
578 3330 739 3408 finitumque
752 3339 795 3389 est
809 3331 915 3389 bellum
926 3328 1056 3390 mouu-

91 3411 192 3471 Alldio
208 3411 355 3488 lllarcello,
370 3410 421 3470 Cn.
439 3411 572 3472 Cornelio
584 3414 720 3491 Scipione
733 3431 810 3474 coss.
843 3412 921 3474 Tunc
936 3413 1057 3475 Mareel-
