2266 3832
341 219 707 308 1,21-22[n,5-s].
981 226 1022 288 rs

17 390 101 456 sein
112 387 276 474 Hispania
291 388 394 452 movit
410 386 469 450 illa
481 388 593 471 gravis
610 400 642 450 et
660 387 807 452 luctuosa
816 389 934 453 Punici
944 390 1023 453 belli

15 474 68 539 vis
79 471 123 537 ad
145 492 188 535 ue
197 479 372 557 tempestas
384 471 641 556 destinatumque
651 470 806 534 Romanis
817 474 883 535 iam
893 473 950 536 din
961 474 1022 536 fnl-

16 578 93 621 men
139 555 297 639 aguntino
317 555 394 638 igno
418 552 586 634 conflavit,
608 556 718 617 statim
739 555 880 641 quodam
900 558 1023 640 impetu

16 647 111 726 rapta
122 636 247 702 medias
258 636 368 723 per-fre
393 638 417 700 't
426 635 530 721 Alpes
547 646 578 700 et
595 636 770 701 inItaliam
786 638 829 702 ab
846 638 913 701 illis
928 639 1021 702 fabu-

18 723 107 789 losae
118 720 302 786 altitudinis
312 720 383 784 nivi
405 741 444 783 us
455 718 545 783 velut
556 719 647 784 caelo
658 721 757 783 missa
769 720 947 785 descendit.

35 812 40 819 “
100 805 153 870 Ac
162 805 260 890 primi
271 802 403 890 quidem
416 803 556 888 impetus
572 802 668 868 turbo
685 804 769 868 inter
780 804 906 869 Padum
923 824 1020 892 atque
1034 819 1066 869 lu

17 888 170 954 Ticinum
186 886 297 952 valido
315 887 424 950 statim
440 885 571 984 fragore
594 885 750 951 detonuit.
782 898 852 951 tum
869 887 1021 986 Scipione

17 973 102 1037 duee
112 970 206 1035 fusus
219 971 398 1052 exercitus3
416 989 544 1034 seuerus
562 970 660 1033 etiam
676 971 747 1054 ipse
767 973 909 1035 venisset
919 994 954 1035 m
965 972 1020 1037 ho·

17 1057 118 1120 stium
126 1074 242 1120 manus
252 1054 437 1138 imperator,
454 1052 520 1115 nisi
533 1060 713 1138 protectum
730 1068 856 1140 patrem
872 1069 1021 1140 praetex-

17 1148 105 1203 tatus
123 1137 297 1203 admodum
312 1135 400 1199 filius
417 1135 460 1199 ab
476 1137 548 1233 ipsa
564 1146 667 1199 morte
684 1139 855 1221 rapuisset.
889 1137 941 1202 hic
959 1141 1022 1202 erit
1035 1144 1067 1194 ll

16 1220 139 1308 Scipio,
158 1221 215 1320 qui
231 1222 267 1284 in
283 1220 419 1283 exitium
428 1218 563 1282 At'rroae
581 1221 712 1300 crescit,
730 1241 847 1285 nomen
865 1243 909 1284 ex
925 1222 1021 1285 malis

17 1306 88 1369 eius
97 1303 279 1369 habiturus.

101 1386 218 1453 'licino
235 1385 356 1450 Trebia
377 1385 532 1449 succedit.
566 1384 620 1449 hic
644 1386 787 1450 secunda
803 1386 919 1450 Punici
939 1387 1019 1451 belli
1031 1399 1061 1448 12

38 1470 163 1538 rocella
184 1471 331 1536 desaevit
347 1468 537 1556 Sempronio
562 1468 705 1533 consule.
734 1479 803 1533 tum
819 1469 1022 1534 callidissimi

15 1496 140 1636 beatas,
151 1552 309 1638 frigidum
319 1562 351 1617 et
364 1552 506 1616 nivalem
515 1554 626 1616 nancti
639 1552 733 1634 diem,
751 1575 825 1616 eum
836 1575 871 1616 se
888 1552 1020 1637 ignibus

16 1640 109 1726 prius
127 1636 262 1723 oleoque
278 1636 490 1701 fovissent-
505 1636 661 1700 horribile
678 1635 767 1700 dictu
777 1674 820 1686 —
837 1636 982 1700 homines
1000 1658 1020 1699 a

15 1720 154 1787 meridie
166 1728 197 1783 et
209 1719 277 1785 sole
288 1722 466 1801 venientes,
478 1729 590 1785 nostra
600 1741 659 1783 nos
671 1718 776 1783 hieme
786 1721 946 1784 vicerunt.

101 1802 345 1868 Trasumennus
357 1803 462 1883 lacus,
479 1805 610 1866 tertium
621 1802 745 1866 fulmen
755 1803 944 1885 Annibalis,
960 1805 1062 1867 im-13

40 1897 169 1953 eratore
178 1886 339 1952 Flaminio
357 1908 410 1949 ars
419 1907 504 1950 nova
515 1885 657 1950 Punicae
667 1885 803 1950 fraudis.
833 1888 952 1972 quippe
964 1909 1018 1950 ne·

16 1912 97 2037 bula
106 1971 197 2035 lacus
206 1969 470 2056 palustribusque
480 1969 632 2053 virgultis
642 1978 745 2033 tectus
758 1970 918 2054 equitatus
925 1980 1019 2054 terga

17 2054 126 2119 subito
142 2055 356 2139 pugnantium
372 2054 503 2116 invasit.
526 2073 586 2116 nec
605 2051 709 2115 dedis
725 2074 897 2136 possumus
910 2055 1011 2139 queri.
1022 2073 1054 2122 lt

16 2138 229 2202 inminentem
248 2138 420 2201 temerario
442 2136 517 2200 duci
539 2134 665 2198 cladem
691 2134 922 2220 praedixerant
942 2137 1019 2198 insi·

18 2222 129 2286 dantia
139 2221 242 2304 signis
254 2222 403 2284 examina
414 2228 446 2283 et
456 2219 584 2305 aquilae
594 2217 724 2303 prodire
735 2217 882 2282 nolentes
893 2227 926 2282 et
936 2240 1019 2282 com-

16 2304 152 2369 missam
168 2304 272 2367 aciem
289 2311 418 2367 secutus
436 2303 552 2387 ingens
570 2312 675 2366 terrae
692 2311 829 2382 tremor,
847 2301 911 2364 nisi
927 2300 1020 2365 illum

18 2387 188 2453 horrorem
199 2386 260 2451 soli
272 2388 414 2473 equitum
424 2386 631 2472 virorumque
644 2385 810 2449 discursus
823 2393 855 2448 et
865 2393 953 2449 mota
963 2406 1018 2448 ve·

16 2470 199 2535 hernantius
211 2490 301 2532 arma
311 2469 467 2534 fecerunt.

101 2551 262 2633 Quartum
271 2552 307 2616 id
321 2562 370 2616 est
380 2574 484 2650 paene
501 2551 649 2616 ultimum
659 2551 776 2616 volnus
794 2552 922 2649 imperii
934 2551 1018 2617 Oan·
1030 2575 1062 2626 15

15 2658 95 2718 nae,
117 2634 271 2719 ignobilis
294 2635 433 2720 Apuhae
454 2636 563 2716 vicus3
592 2635 649 2699 sed
671 2634 894 2718 magnitudine
915 2634 1017 2699 cladis

17 2720 151 2785 emersit
162 2727 194 2782 et
204 2720 375 2816 sexaginta
389 2718 514 2782 milium
526 2718 624 2782 caede
635 2727 729 2804 parta
740 2716 903 2781 nobilitas.
925 2718 973 2781 ibi
983 2720 1019 2780 in

18 2801 185 2869 excidium
205 2800 345 2866 infelrcis
364 2804 525 2865 exercitus
546 2802 627 2883 dux,
651 2812 753 2882 terra,
777 2800 915 2882 caelum,
938 2802 1018 2881 dies,

14 2896 86 2951 tota
105 2906 216 2949 rerum
231 2894 348 2948 natura
368 2886 540 2949 consensit.
571 2886 599 2948 si
618 2884 749 2972 quidem
765 2905 831 2948 non
848 2893 1017 2949 contentus
1029 2909 1061 2960 1ss

16 2968 178 3035 simulatis
187 2968 366 3052 transfugis
376 2967 530 3049 Annibal,
548 2969 604 3054 qui
614 2990 691 3033 mox
701 2976 794 3051 terga
804 2970 1018 3052 pugnantium

16 3050 221 3131 ceciderunt,
250 3052 382 3137 insuper
409 3051 546 3115 callidus
574 3053 749 3137 imperator
776 3051 811 3113 in
832 3051 1019 3137 patentibus

16 3156 90 3201 cam
112 3136 151 3215 is,
169 3132 341 3200 observato
353 3135 566 3220 looiingenio,
583 3135 670 3222 quod
682 3144 714 3198 et
726 3132 774 3199 sol
785 3133 831 3198 ibi
842 3139 1019 3199 acerrimus

18 3156 220 3303 atplluimus
232 3218 347 3315 pulvis
364 3228 396 3282 et
414 3240 510 3282 eurus
528 3219 569 3282 ab
586 3220 709 3282 oriente
728 3240 854 3302 semper
869 3218 963 3303 quasi
978 3237 1021 3278 ex

18 3301 209 3380 constituto,
230 3308 277 3363 rta
299 3301 453 3366 instruxit
473 3303 591 3383 aciem,
616 3311 661 3383 ut,
684 3302 837 3366 Romanis
861 3301 1020 3364 adsersus

17 3382 230 3448 haecomnia
252 3382 414 3465 obversis,
438 3387 616 3450 secundum
637 3385 763 3450 caelum
783 3392 898 3447 tenens
922 3389 1019 3446 vento

17 3464 154 3551 pulvere
170 3476 204 3531 st
221 3466 468 3553 solepugnaret.
495 3470 605 3556 itaque
620 3469 684 3533 duo
703 3468 838 3532 maximi
856 3467 1018 3530 exercitus
1032 3482 1062 3532 17
