2310 3840
443 176 660 237 ttuuutut.
965 174 1007 237 49

93 361 143 403 rea
155 342 265 420 dicitur,
283 360 346 401 cum
357 340 471 401 Mazuca
482 349 563 401 antea
575 351 734 401 vocaretur.
768 340 820 401 llic
831 344 915 402 tertio
929 352 957 402 et
969 345 1009 402 vi·
1032 353 1049 393 Ρ

93 429 204 506 gesimo
217 426 328 504 imperii
339 441 423 502 anno,
435 425 536 484 aetatis
548 426 760 503 septuagesimo
768 435 883 504 octauo,
900 428 1006 505 ingenti
1020 421 1073 463 ΟΝ·

95 510 331 589 omniumgaudio
344 517 470 569 mortuus
487 509 570 568 estin
582 506 743 587 Campania.
1025 489 1057 530 ³⁷·

158 595 245 655 Can.
257 592 321 655 XII.
343 591 437 673 (vll.)
465 592 614 652 Successit
626 594 652 652 ei
665 591 750 652 Caius
764 590 882 672 Caesar,
901 609 1007 672 coguo-

94 686 189 738 mento
205 676 345 755 Caligula,
364 677 461 753 Drusi,
475 677 597 754 privigni
610 675 743 754 Augusti,
756 686 785 736 et
796 679 887 755 ipsius
900 677 1007 739 'liberii

94 779 197 840 nepos,
211 761 447 822 sceleratissimus
463 778 497 821 ac
516 760 737 837 funestissimus,
761 764 849 839 etqui
865 764 949 822 etiam
961 762 1007 822 Ti·

94 846 165 906 berii
178 844 320 905 dedecora
328 845 497 922 purgaverit.
520 843 629 904 bellum
641 853 737 904 contra
746 843 901 906 Germanos
909 864 1006 906 susce·

94 931 145 1007 pit,
159 938 186 989 et
198 931 344 1007 ingressus
356 929 487 988 Sueviam
502 927 571 987 nihil
582 937 696 988 strenue
708 929 787 988 lecit.
813 929 916 1009 Stupra
927 947 1007 990 soro·

93 1014 171 1073 ribus
184 1012 285 1090 intulit,
305 1031 341 1072 ex
352 1030 405 1072 una
418 1013 500 1071 etiam
514 1011 598 1072 liliam
612 1015 736 1090 agnovit.
777 1010 848 1072 Cum
859 1013 1008 1074 adversum

94 1105 212 1157 cunctos
222 1099 329 1174 ingenti
344 1098 468 1172 avaritia,
488 1095 614 1173 libidine,
628 1096 792 1156 crudelitate
807 1099 946 1175 saeviret,
966 1100 1005 1157 in-

93 1180 229 1241 teriectus
251 1183 279 1239 in
295 1179 398 1258 palatio
422 1189 466 1239 est
488 1197 559 1239 anno
579 1182 678 1240 aetatis
695 1200 788 1258 uxum,
816 1183 926 1259 imperii
948 1202 1004 1258 nn,

93 1283 189 1324 mense
202 1285 229 1324 x.
245 1263 349 1342 dieque
361 1285 424 1324 v111.

157 1350 208 1408 Cn
218 1369 245 1407 r.
260 1345 339 1407 Xlll.
357 1345 465 1427 (VIII.)
490 1345 559 1406 Post
575 1346 649 1406 hunc
662 1345 795 1407 Claudius
810 1347 872 1422 luit,
889 1358 1005 1426 patruus

93 1431 249 1510 Caligulae,
261 1431 358 1509 Drusi,
372 1433 419 1509 qui
435 1430 509 1507 apud
518 1429 727 1508 Mogontiacum
736 1440 944 1491 monumentum
957 1432 1004 1491 ha·

92 1517 151 1592 bet,
166 1516 250 1591 itlius,
267 1517 346 1574 euius
364 1524 392 1574 et
404 1512 531 1592 Caligula
547 1531 638 1592 nepos
652 1524 720 1574 erat.
748 1514 801 1574 Hic
812 1513 906 1574 medie
917 1516 1004 1593 impe·

93 1602 179 1677 ravit,
202 1599 288 1660 multa
299 1617 403 1677 gerens
420 1597 570 1676 tranquille
587 1608 672 1678 atque
685 1598 844 1676 moderate,
868 1598 1005 1678 quaedam

92 1683 243 1744 crudeliter
258 1692 287 1743 et
297 1681 413 1743 insulse.
446 1681 605 1742 Britanniae
617 1681 721 1742 bellum
732 1682 834 1760 intulit,
847 1700 929 1762 quam
944 1682 1003 1743 nul·

91 1767 136 1828 lus
147 1767 337 1827 Romanorum
350 1776 415 1844 post
426 1765 526 1825 lulium
534 1764 684 1826 Caesarem
695 1769 836 1844 attigerat,
850 1784 942 1846 eaque
954 1766 1003 1826 de·

91 1854 166 1911 victa
183 1868 236 1929 per
247 1849 298 1911 Cn.
311 1852 437 1911 Sentium
449 1859 478 1910 et
492 1849 527 1909 A.
538 1849 686 1927 Plautium,
709 1850 833 1911 illustres
849 1859 877 1910 et
891 1851 1003 1910 nobiles
1030 1867 1047 1907 n

91 1937 186 2012 viros,
201 1935 371 2012 triumphum
388 1933 530 1994 celebrem
545 1935 613 2011 egit,
646 1933 787 2007 Quasdam
798 1934 904 1995 insulas
920 1937 1003 1994 etiam
1015 1935 1068 1979 CN·

91 2019 163 2080 ultra
174 2018 340 2078 Britanniam
353 2021 382 2076 in
394 2017 509 2077 Oceano
529 2019 637 2094 positas
648 2017 774 2078 Romano
794 2021 913 2097 imperio
926 2017 1002 2078 addi·
1022 2005 1054 2047 ⁴³·

92 2103 142 2177 dit,
161 2121 233 2181 quae
247 2102 423 2180 appellantur
436 2100 578 2178 Orcades,
599 2101 714 2180 filioque
726 2118 778 2160 suo
789 2097 940 2161 Britannici
953 2119 1002 2162 no·

91 2205 155 2246 men
170 2187 313 2264 imposuit.
347 2183 415 2244 Tam
430 2184 522 2244 civilis
539 2193 632 2244 autem
650 2188 725 2245 cirea
742 2185 878 2264 quosdam
895 2187 1002 2244 amicos

93 2272 209 2346 exstitit,
222 2279 251 2329 ut
263 2271 346 2330 etiam
357 2267 508 2344 Plautium,
526 2269 650 2328 nobilem
664 2270 764 2346 virum,
785 2271 832 2347 qui
847 2270 875 2328 in
887 2268 1002 2347 expedi·

91 2357 169 2414 tione
180 2353 337 2414 Britannica
349 2353 433 2412 multa
448 2354 567 2430 egregie
579 2351 696 2428 lecerat,
710 2353 923 2431 triumphantem
939 2354 1002 2430 ipse

91 2447 314 2516 prosequeretur
329 2447 357 2497 et
373 2437 574 2496 conscendenti
593 2434 762 2514 Capitolium
774 2437 872 2496 laevus
888 2436 1001 2497 incede·
1022 2453 1048 2494 u.

91 2531 144 2582 ret.
176 2520 205 2581 ls
223 2524 293 2581 vixit
310 2537 399 2581 annos
411 2542 440 2581 ιν
453 2530 482 2580 et
494 2540 540 2597 ux,
560 2521 776 2598 imperavimus.
805 2520 1067 2581 postponent-1¹·

91 2614 274 2665 consecratus
287 2614 330 2664 est
341 2605 489 2683 Divosque
499 2603 666 2682 appellatus.
1020 2590 1046 2632 ὅ*

156 2690 240 2750 Cnr.
256 2687 332 2749 XIV.
349 2687 431 2768 (tx.)
462 2687 621 2749 Successit,
635 2689 700 2747 huic
724 2687 817 2765 Nero,
843 2685 1000 2767 Caligulae,

90 2773 229 2833 avunculo
242 2788 305 2849 suo,
325 2771 497 2846 simillimus,
517 2773 564 2850 qui
579 2773 726 2849 imperium
739 2772 894 2832 Romanum
913 2781 941 2832 et
953 2771 1000 2832 dc·

91 2857 221 2918 formavit
233 2866 261 2916 et
273 2857 409 2932 diminuit,
422 2857 570 2915 inusitatae
586 2855 712 2917 luxuriae
725 2865 952 2935 sumptuumque,
972 2864 1001 2915 ut

92 2943 139 3019 qui
152 2940 282 3018 exemplo
295 2939 356 3001 Caii
374 2939 519 3018 Caligulae
536 2939 635 2999 calidis
656 2950 684 2999 et
699 2940 810 3018 frigidis
828 2940 934 3000 lavaret
951 2958 1000 2999 un·

91 3028 221 3103 guentis,
245 3026 351 3084 retibus
363 3027 455 3084 aureis
467 3026 640 3102 piscaretur,
663 3043 735 3102 quae
751 3023 874 3084 blattinis
888 3024 1000 3084 lunibas

92 3109 266 3169 extrahebat.
302 3108 438 3168 lnirnitam
465 3116 573 3185 partem
597 3117 710 3168 senatus
737 3109 895 3183 interiecit,
918 3108 1000 3167 bonis

91 3194 221 3253 omnibus
233 3194 324 3253 bostis
332 3193 392 3252 luit.
416 3192 460 3251 Ad
468 3201 640 3270 postremum
647 3211 678 3251 se
690 3201 765 3252 tanto
779 3191 922 3251 dedecore
934 3207 1000 3269 pro-

90 3278 190 3355 stituit,
207 3285 237 3336 ut
255 3287 283 3337 et
297 3276 411 3336 saltaret
423 3286 451 3336 et
462 3284 586 3336 cantaret
604 3278 632 3336 in
644 3294 729 3335 scena
742 3275 934 3335 citharoedico
949 3275 999 3333 ha·-

90 3361 150 3422 bitu
161 3361 209 3421 vel
220 3363 338 3440 tragico.
375 3359 525 3420 Parricidia
537 3359 620 3420 multa
633 3361 772 3420 commisit
787 3360 882 3434 tratre,
899 3374 998 3431 uxore,

131 3458 264 3497 zuuuorttts.
846 3456 867 3517 4
