2266 3832
147 148 187 214 76
491 151 734 208 EUTROPll

96 330 122 372 ι
145 317 288 376 tranioni
279 294 441 394 imperium,
461 316 508 414 qui
524 331 599 374 novo
619 315 808 392 inusitatoque
818 331 900 374 more
916 331 1067 376 consensu

78 399 102 442 ⁰
106 399 134 442 Ν
147 400 262 461 rnilitum
273 399 437 478 deponere
430 401 539 476 insigne
552 397 715 475 compulsus
731 407 785 457 est.
820 397 932 457 Romae
944 415 1067 478 quoqne

87 469 133 513 ³⁶⁰
126 483 278 544 tumultus
290 483 342 542 luit
343 482 535 581 ,Nepotianm
544 479 717 540 Constantini
733 483 838 541 sororis
851 481 922 558 lilio,
937 499 994 559 per
1005 481 1065 560 gla-

145 570 289 627 diatoriam
302 585 411 626 manum
423 568 570 642 imperium
582 564 741 623 invadente.
761 563 816 662 Qui
826 568 922 624 saevis
933 566 1065 625 exordiis

144 652 258 727 dignum
270 653 374 709 exitum
387 659 486 709 nactus
502 657 555 708 est.
593 648 740 725 vigesimo
759 649 831 707 enim
849 657 938 726 atque
955 659 1064 708 octavo

144 733 190 792 die
202 733 429 811 allagnentiunis
441 733 560 791 ducibus
573 748 730 808 oppressus
740 749 847 810 poenas
856 730 947 808 dedit,
961 742 1063 811 caput·

144 835 199 895 que
214 819 275 876 eius
288 817 346 893 pilo
364 834 415 893 per
427 817 524 875 urbem
539 814 728 875 circumlatum
738 824 793 892 est,
812 816 1062 894 gravissimaeque

146 903 369 978 proscriptiones
385 909 413 959 et
426 899 560 959 nobilium
573 898 676 958 caedes
687 899 808 958 fuerunt.

93 1008 119 1051 r·
208 984 296 1043 Cer.
308 981 371 1042 Xll.
406 981 470 1043 Non
481 982 567 1042 multo
584 991 649 1060 post
660 981 837 1059 Magnentius
848 981 924 1060 apud
935 980 1063 1042 diursam

77 1076 132 1120 ΝΝ
144 1067 311 1166 profligatus
329 1069 390 1126 acie
413 1074 456 1125 est
474 1084 508 1125 ae
530 1083 620 1143 paene
642 1075 750 1143 captus
784 1063 919 1143 ingentes
939 1064 1063 1126 Romani

83 1146 339 1254 ³⁵¹·p1mperiivires
353 1169 385 1209 ea
398 1150 576 1209 dimicatione
586 1159 769 1226 consumptae
780 1158 854 1224 sunt,
868 1148 902 1207 ad
912 1148 1063 1226 quaelibet

77 1214 216 1324 cp‘lrella
230 1245 345 1293 externa
360 1233 492 1308 idoneae,
515 1251 587 1312 quae
599 1232 712 1292 multum
724 1232 926 1310 triumphorum
938 1241 1062 1310 possent

87 1351 122 1392 351
104 1283 364 1396 securitatisque
379 1317 521 1376 conferre.
553 1316 658 1375 Orienti
673 1331 740 1375 mox
755 1314 969 1377 aCunstantino
987 1315 1062 1376 Cae·

93 1431 117 1472 p
147 1421 193 1462 sar
208 1411 252 1461 est
268 1403 347 1461 datus
360 1403 449 1479 patrui
465 1401 549 1476 lilius,
570 1398 675 1459 Gallus.
710 1398 946 1477 Magnenrinsqne
966 1398 1061 1458 diver-

76 1499 132 1543 ιιι.
148 1489 187 1544 sis
207 1486 323 1563 proeliis
340 1487 430 1543 victus
450 1486 505 1543 vim
527 1485 600 1542 vitae
615 1501 684 1542 suae
700 1481 949 1560 apudlugdunum
968 1482 1063 1543 attulit

87 1568 131 1610 ³⁵³·
147 1570 258 1645 imperii
268 1585 339 1627 anno
358 1568 457 1640 tertio,
482 1585 579 1626 mense
592 1569 731 1643 septimo,
754 1567 840 1626 irater
857 1581 976 1644 quoque
997 1568 1062 1626 cius

146 1652 278 1726 Senonis,
292 1669 375 1728 quem
390 1650 424 1709 ad
440 1649 556 1709 tuendas
570 1649 673 1709 Gallias
689 1649 839 1710 Caesarem
850 1649 975 1708 miserat.

208 1736 292 1794 cnr.
304 1732 382 1792 Xlll.
411 1732 464 1792 l'er
474 1734 545 1792 liaeo
557 1743 683 1810 tempora
695 1734 778 1793 etiam
790 1731 979 1793 aConstantio
989 1732 1063 1793 mul·

93 1842 118 1882 e.
143 1821 178 1878 tis
191 1818 351 1877 incivilihus
362 1818 453 1894 gestis
467 1812 562 1876 Gallus
578 1815 684 1876 Caesar
697 1819 811 1876 occisus
823 1825 882 1892 est,
905 1817 949 1875 vir
960 1826 1061 1890 natura

77 1909 102 1951 c·
106 1909 134 1950 Ν
138 1902 216 1960 ierus
230 1911 258 1959 et
270 1901 304 1959 ad
316 1899 490 1976 tyrannidem
503 1902 628 1978 pronior,
642 1901 665 1959 si
674 1915 725 1958 suo
737 1901 799 1960 iure
809 1902 948 1977 imperare
961 1898 1061 1960 licuis-

81 1977 128 2089 ζΝΝ·
141 1994 194 2045 set.
217 1984 346 2044 Silvanus
358 2001 474 2063 quoque
486 1984 514 2043 in
527 1983 615 2044 Gallia
626 2002 673 2042 res
684 1983 892 2043 novasmolitus
904 1991 970 2042 ante
984 1983 1062 2044 diem

142 2071 320 2147 trigesimum
338 2071 493 2128 exstinctus
506 2078 565 2144 est,
590 2068 751 2145 solusque
742 2069 861 2145 imperio
873 2066 1004 2127 Romano
1022 2085 1061 2126 eo

147 2163 276 2231 tempore
289 2151 468 2212 Constantius
484 2153 616 2230 princeps
628 2160 656 2210 et
666 2150 811 2227 Augustus
822 2150 883 2211 fuit.

91 2253 115 2293 e.
210 2238 295 2296 Cor.
310 2235 386 2296 XIV
411 2234 478 2294 lllox
494 2234 628 2294 lulianum
644 2232 796 2294 Caesarem
807 2234 842 2294 ad
854 2232 958 2293 Gallias
969 2236 1060 2312 mrsrt,

74 2321 128 2362 CN
96 2319 302 2431 3⁶patruelem
313 2337 404 2394 suum,
425 2317 496 2378 Galli
513 2319 642 2395 fratrem,
664 2317 802 2378 tradita
776 2336 802 2377 er
815 2321 842 2377 in
853 2318 1063 2378 matrimonium

83 2389 254 2478 ³⁴⁶sorore,
276 2419 339 2460 cum
353 2400 438 2461 multa
452 2400 556 2479 oppida
568 2401 677 2460 barbari
691 2409 916 2478 expugnassent,
940 2400 996 2461 alia
1008 2403 1062 2462 ob·

143 2484 276 2560 siderent,
297 2485 402 2563 ubique
417 2483 502 2543 foeda
512 2486 627 2543 vestitas
640 2493 718 2543 esset
720 2483 975 2562 ,Romanumque
966 2502 1062 2564 impe·

141 2571 211 2627 rium
223 2584 279 2626 non
291 2567 394 2628 dubia
385 2585 440 2627 ram
451 2565 607 2626 calamitate
618 2576 736 2627 nutaret.
767 2567 792 2625 Α
805 2586 862 2646 quo
874 2567 996 2627 modicis
1010 2587 1061 2629 co·

142 2654 197 2729 piis
209 2649 283 2728 apud
298 2649 526 2728 Argentoratum,
541 2647 648 2710 Galliae
660 2652 768 2725 urbem,
787 2653 915 2728 ingentes
927 2649 1060 2713 Alaman-

90 2754 115 2798 e
142 2752 239 2794 norum
258 2736 360 2812 copiae
376 2735 533 2794 exstinctae
555 2741 634 2808 suut,
662 2752 713 2792 rex
729 2733 922 2794 nobilissimus
943 2745 1060 2813 captus,

72 2822 126 2932 CQN·
141 2816 249 2876 Calliae
261 2820 416 2878 restitutae.
429 2815 516 2876 llulta
528 2826 628 2895 postea
636 2834 688 2893 per
700 2816 961 2877 eundemlulianum
973 2835 1061 2895 egre-

82 2891 186 2978 ³⁴⁴pie
200 2900 349 2960 adversum
363 2901 499 2963 barbaros
516 2908 599 2978 gesta
610 2909 674 2959 sunt
691 2902 880 2979 summotique
894 2901 965 2960 ultra
981 2900 1062 2963 lilae-

141 3002 203 3043 num
227 2982 357 3044 Germani
380 2994 409 3043 et
429 2983 529 3043 dnibus
546 2985 606 3042 suis
628 2981 813 3043 Romanum'
804 2985 952 3062 imperium
973 2989 1062 3047 resti·

139 3076 236 3126 tutum.

91 3202 106 3240 Ι,
202 3151 287 3211 Cur.
300 3149 362 3210 XV.
383 3149 488 3228 Neque
498 3148 585 3209 multo
597 3157 673 3226 post,
686 3167 749 3208 cum
758 3145 962 3209 Germaniciani
975 3170 1062 3214 exer·

73 3229 128 3310 cp,
140 3237 211 3293 citus
224 3253 239 3294 a
254 3232 406 3294 Galliarum
426 3231 567 3311 praesidio
580 3231 759 3306 tollerentur,
783 3249 924 3292 consensu
939 3235 1062 3299 militum

86 3338 131 3380 een.
144 3316 267 3378 lulianus
285 3318 376 3378 iactus
387 3317 532 3393 Augustus
549 3323 610 3389 est,
631 3316 835 3391 interiectuque
850 3331 922 3375 anno
938 3315 974 3376 ad
989 3316 1062 3397 Illy·

889 3650 967 3746 Ι
