2266 3832
374 240 549 325 1,41-45
563 241 625 331 [111‚
638 244 776 333 6-101.
1037 252 1078 314 so

72 416 294 495 corruperant.
336 408 489 490 homines
508 409 595 474 feros
628 419 726 496 atque
759 410 925 476 silvestres
950 413 1078 476 mireris

72 512 170 559 ausos
191 511 212 556 a
230 490 371 591 scopulis
389 495 456 557 suis
483 493 598 557 saltem
616 495 718 558 maria
737 497 934 579 prospicere.
965 517 1063 560 ascen
1087 503 1104 554 3

73 576 270 642 dorsetiam
291 574 472 640 inconditas
493 585 579 640 rates
607 585 639 640 et
662 581 982 663 praeternavigantes
1004 578 1078 643 sub·

71 659 150 725 inde
170 660 337 746 inopinato
353 662 474 746 impetu
488 667 642 724 terruere.
671 668 720 725 set
743 681 816 725 cum
828 663 1013 726 venientem
1036 660 1105 724 abs

51 742 140 809 salto
160 742 340 807 Romanam
361 742 500 807 classem
516 745 769 828 prospexissent,
789 744 944 829 praedam
964 753 1078 830 putan-

71 834 133 908 tes,
154 827 227 890 eusi
248 827 346 891 etium
367 846 546 908 occurrere,
564 835 596 890 et
615 829 720 912 primo
742 828 865 913 impetu
885 829 1012 912 ingenti
1033 828 1078 892 la·

70 909 185 995 pidum
206 928 422 995 saxorumque
448 908 560 975 nimbo
578 909 715 974 classem
736 919 941 996 operuerunt.
971 911 1103 976 tribus5

72 993 210 1079 quisque
236 992 347 1057 ftmdis
373 993 584 1078 proeliantur.
617 1002 722 1080 certos
749 1015 820 1058 esse
850 996 922 1081 quis
944 996 1078 1059 miretur

70 1076 165 1157 ictus,
182 1096 256 1140 cum
276 1076 358 1141 boec
378 1074 449 1140 sola
469 1078 560 1161 genti
580 1098 671 1140 arma
692 1079 771 1159 sint,
793 1077 830 1142 id
847 1099 948 1142 unum
966 1077 1008 1142 ab
1029 1080 1077 1141 in·

41 1158 178 1226 infantia
198 1158 364 1224 studium?
384 1159 492 1224 cibum
512 1180 593 1245 puer
613 1181 633 1223 a
653 1169 756 1225 matre
778 1181 844 1225 non
865 1161 992 1246 accipit,
1013 1162 1078 1225 nisi

70 1244 195 1343 quemi
268 1251 469 1308 monstrante
484 1245 691 1328 percusserit.
721 1244 779 1308 sed
796 1265 862 1308 non
880 1244 937 1308 diu
954 1243 1077 1330 lapida-

68 1334 159 1393 tione
226 1346 339 1391 manos
352 1336 507 1391 terruere.
529 1348 605 1390 nam
622 1335 793 1413 postquam
807 1329 1104 1399 comminuerent

67 1416 139 1473 tum
159 1417 210 1473 est
231 1411 421 1496 expertique
440 1418 546 1474 rostra
568 1419 600 1474 et
619 1409 687 1496 pila
707 1411 888 1490 venientia,
915 1410 1078 1495 pecudum

29 1526 34 1537 ·
66 1492 105 1557 in
125 1512 249 1557 morem
270 1492 410 1559 clamore
437 1493 565 1558 sublato
585 1492 770 1579 petiverunt
790 1494 870 1578 fuga
888 1492 1000 1574 litora,
1030 1494 1077 1557 di-

37 1586 60 1629 ¹⁵
66 1574 217 1663 lapsique
232 1576 267 1639 in
277 1578 443 1664 proximor
459 1577 600 1642 tumulos
619 1577 795 1664 quaerendi
811 1577 943 1642 fuerumt
958 1586 994 1640 ut
1007 1578 1078 1640 vin·

65 1667 229 1725 curentur.

195 1788 358 1859 oXLIIII.
387 1788 639 1856 EXPEDITIO
663 1790 713 1855 IN
735 1790 930 1857 CYPRVM.

151 1908 277 1974 Aderat
291 1908 395 1973 fatum
408 1909 596 1974 insularum.
619 1911 719 1993 igitur
739 1919 771 1975 et
783 1910 910 1996 Cypros
928 1917 1060 1994 recepta
1067 1919 1118 1985 111,
1132 1918 1133 1938 ¹

65 1996 141 2058 sine
157 1989 256 2057 bello.
279 1991 419 2056 insulam
435 1993 600 2058 veteribus
618 1993 742 2057 divitiis
760 1992 979 2057 abundantem
990 2000 1022 2055 et
1033 1991 1102 2056 obt

29 2075 132 2141 ²⁰hoc
146 2074 269 2140 Veneri
286 2096 411 2140 sacram
421 2075 625 2141 Ptolemaeus
642 2076 786 2160 regebat.
810 2077 869 2140 sed
889 2077 1103 2140 divitiarums

63 2167 158 2223 tanta
168 2166 238 2223 erat
254 2157 350 2241 fama,
373 2180 434 2223 nec
447 2159 541 2238 falso,
561 2168 597 2223 ut
617 2160 722 2223 victor
733 2161 877 2243 gentium
919 2157 1032 2255 opulus
1045 2165 1077 2220 et

64 2242 190 2309 donare
210 2262 313 2327 regna
334 2252 506 2306 consuetus
526 2242 564 2305 P.
579 2241 693 2306 Clodio
715 2243 844 2306 tribuno
865 2181 1076 2327 pldbn'duce

67 2326 153 2392 socii
172 2325 241 2389 vivi
264 2347 307 2390 ue
327 2327 415 2409 regis
437 2325 698 2390 confiscationem
719 2326 932 2389 mandaverit.
967 2333 999 2387 et
1018 2323 1104 2387 ille4

88 2408 200 2473 uidem
283 2411 331 2473 rei
351 2408 472 2473 famam
492 2430 617 2473 veneno
638 2408 706 2472 fata
726 2410 900 2495 praecepit.
928 2416 1097 2477 ceternm5

26 2432 204 2559 ²⁵Porcius
217 2490 296 2557 Cato
311 2492 448 2578 Cyprias
466 2513 542 2578 opes
563 2492 700 2556 liburnis
716 2516 776 2593 per
793 2491 983 2557 Tiberinum
1001 2492 1076 2556 osti-

63 2597 123 2641 um
143 2575 280 2640 invexit.
316 2597 472 2676 quaeres
497 2577 594 2640 latius
620 2596 781 2640 ceramum
808 2575 920 2662 populi
938 2575 1078 2640 Romani

63 2678 166 2745 qnam
185 2658 271 2723 ullus
291 2659 473 2745 tmumphus
495 2658 652 2744 implevit.

282 2790 387 2856 XLV.
414 2788 601 2856 BELLVM
623 2786 870 2854 GALLIOVM.

152 2908 235 2973 Asia
248 2908 385 2994 Pompei
394 2906 545 2972 manibus
558 2906 694 2971 subacta
704 2906 838 2993 reliqua,
851 2927 933 2993 quae
945 2915 1095 2986 resta-111,
1105 2905 1133 2968 ll

27 2990 148 3059 ltbunt
168 2992 205 3055 in
223 2991 371 3078 Europa,
401 2991 548 3056 Fortuna
568 2992 603 3054 in
625 2989 799 3056 Caesarem
818 2990 994 3054 transtulit.
1025 3006 1102 3054 rer

64 3073 199 3139 stabant
214 3083 322 3140 autem
339 3075 553 3139 inmanissimi
567 3076 711 3158 gentium
726 3072 815 3138 Galli
832 3083 928 3162 atque
944 3072 1077 3138 Germa-

63 3160 157 3307 piet
198 3160 325 3223 uamvis
346 3166 414 3223 toto
435 3157 512 3223 orbe
533 3158 640 3239 divisi,
662 3166 770 3221 tamen
792 3160 869 3242 quia
889 3159 1021 3221 vincere
1039 3156 1077 3218 li-

88 3243 126 3307 ni
198 3242 329 3306 ritanni.

124 3248 282 3389 t'Primus
296 3325 423 3391 Galliae
435 3332 540 3389 motus
558 3324 599 3387 ab
611 3323 774 3388 Helvetiis
787 3325 901 3409 coepit,
924 3324 980 3408 qui
991 3320 1077 3385 Rho-

26 3408 192 3475 asdannm
208 3408 295 3474 inter
316 3418 349 3474 et
368 3407 518 3472 Rhenum
543 3408 611 3487 siti,
638 3428 705 3471 non
725 3405 960 3470 sufficientibus
980 3405 1075 3468 terris

69 3508 192 3559 venere
205 3490 317 3557 aedem
329 3493 475 3578 petitum,
496 3491 637 3554 incensis
657 3488 826 3553 moenibus
844 3489 928 3570 suis;
949 3488 1010 3552 hoc
1025 3508 1076 3550 sa·
