2266 3832
434 245 583 300 LIBER
613 247 654 302 lll.
961 244 1001 304 19

162 429 207 468 um
217 428 300 486 parva
308 405 389 467 manu
397 409 521 486 equitum
534 407 675 467 dimicavit
687 418 715 468 et
732 429 831 487 regem
848 409 1001 487 Gallorum,

122 510 133 569 j
176 512 280 552 marum
294 493 416 566 nomine,
433 510 515 550 manu
528 509 577 549 sua
590 493 708 569 oceidit„
727 493 830 553 Postea
843 492 1001 554 cumcolle·

116 612 122 634 ι,
192 586 272 635 εηιεε
292 578 391 652 copias
404 574 547 633 Gallorum
563 579 694 652 peremit,
710 576 900 636 Mediolanum
912 597 1000 656 expu-

25 652 33 689 '
87 694 96 713 .-
143 665 192 736 νῑι,
206 659 340 737 grandem
350 659 481 736 praedam
493 659 610 730 Romam
624 661 747 736 pertulit.
773 660 1001 740 detriumphans

25 758 77 867 V
99 745 237 806 'arcellus
250 744 342 821 spolia
357 741 427 801 Calli
444 745 532 819 stipiti
553 745 684 820 imposita
696 746 819 804 humeris
838 747 897 804 suis
913 749 1000 806 vexit.

150 831 201 889 Cx
211 851 237 888 r.
248 827 310 887 Vll.
329 825 368 886 ltl.
381 824 506 884 lllinucio
519 825 606 901 Rufo,
622 827 652 886 P.
669 826 804 887 Cornelio
817 847 895 888 coss.
920 829 999 889 lstris
1011 848 1068 894 no.

86 915 190 974 bellum
208 913 314 971 illatum
331 920 390 986 est,
416 912 481 988 quia
499 910 655 969 latrocinati
676 914 794 971 navibus
811 912 1000 972 Romanorum
1016 919 1062 960 ⁵³1·

85 999 210 1072 fuerant,
238 1014 312 1074 quae
339 995 477 1053 frumenta
499 994 683 1071 exhibebant,
710 995 917 1074 perdomitique
937 1007 1001 1058 sunt

86 1102 193 1142 omnes.
213 1079 296 1158 (lll.)
311 1078 422 1137 Eodem
433 1092 505 1137 anno
518 1077 623 1136 bellum
634 1078 768 1138 Punicum
779 1081 934 1140 seeundum
941 1081 999 1140 llo·
1014 1090 1060 1134 sca

84 1169 172 1227 manis
190 1163 296 1224 illatum
313 1171 357 1221 εει
374 1181 426 1240 per
442 1161 643 1238 Hannibalem,
667 1161 939 1241 Carthaginiensium
950 1165 998 1224 du-

85 1270 157 1326 cem,
182 1250 229 1327 qui
252 1248 421 1324 Saguntum,
445 1245 596 1322 Hispaniae
613 1248 764 1323 civitatem,
783 1248 916 1307 Romanis
932 1251 999 1308 ami·

85 1354 161 1409 cam,
186 1349 351 1409 oppugnare
363 1348 518 1406 aggressus
531 1338 589 1406 est,
613 1348 712 1389 annum
729 1349 818 1407 agens
834 1332 999 1390 vicesimum
1049 1401 1055 1405 ,

84 1419 195 1492 aetatis,
217 1416 309 1492 copiis
326 1415 508 1490 congregatis
527 1434 562 1473 cn
579 1413 693 1472 milium.
723 1414 796 1473 Huic
811 1414 930 1474 Romani
947 1433 999 1492 per

84 1503 195 1579 legatos
210 1499 453 1572 denuntiaverunt,
466 1497 580 1556 uthello
592 1497 755 1556 abstineret.
779 1496 808 1556 ls
822 1497 934 1574 legatos
951 1498 998 1558 ad·

84 1588 195 1644 mittere
210 1583 307 1643 noluit.
343 1581 462 1640 Romani
481 1582 563 1639 etiam
579 1580 778 1658 Carthaginem
795 1584 945 1659 miserunt,
969 1592 999 1643 ut

84 1668 260 1728 mandaretur
271 1665 429 1741 Hannibali,
446 1684 481 1723 ne
493 1664 598 1723 bellum
610 1674 707 1723 contra
718 1668 815 1725 socios
827 1665 925 1743 populi
941 1666 999 1726 llo·

83 1754 155 1812 mani
170 1760 294 1829 gereret.
317 1750 394 1808 Dura
409 1765 549 1826 responsa
561 1767 577 1806 a
589 1746 869 1825 Carthaginiensibus
880 1748 997 1810 reddita.

84 1837 229 1914 Saguntini
247 1837 354 1893 interea
376 1833 449 1890 lame
469 1833 535 1890 victi
548 1841 622 1907 sunt,
642 1834 774 1909 captique
791 1833 825 1891 ab
844 1832 999 1893 Hannibale

85 1921 187 1979 ultimis
200 1920 300 1996 poenis
312 1917 478 1976 alliciuntur.

148 2003 232 2062 Car.
248 1998 325 2058 VHl.
346 1998 415 2056 'lum
426 1997 456 2056 P.
474 1997 623 2056 Cornelius
635 2000 735 2075 Scipio
749 2016 811 2056 cum
827 2000 997 2059 exercituin

83 2086 244 2162 Hispaniam
260 2083 406 2160 proiectus
419 2089 474 2155 est,
487 2079 618 2139 Tiberius
629 2083 814 2158 Sempronius
827 2082 996 2141 inSioiliam.

83 2169 192 2227 Rellum
200 2164 478 2242 Carthaginiensibus
490 2163 624 2222 indictum
636 2173 688 2223 est.
712 2162 793 2242 (IV.)
806 2163 942 2223 Hannibal
952 2167 996 2223 re-

82 2253 151 2313 licto
162 2253 190 2310 in
201 2250 335 2326 Hispania
347 2247 432 2306 fratre
444 2246 618 2306 Hasdrubale
629 2247 802 2323 Pyrenaeum
814 2249 931 2306 transiit.
946 2248 995 2306 ΑΙ-

84 2355 147 2414 pes‚
161 2334 252 2394 adhuc
264 2351 297 2391 ea
311 2340 391 2409 parte
404 2333 504 2406 invias,
522 2331 575 2389 sibi
589 2333 734 2408 patefecit.
758 2330 888 2391 Traditur
898 2331 933 2391 ad
941 2332 994 2392 lta-

82 2421 147 2479 liam
161 2437 234 2478 xxxx
247 2415 323 2475 milia
335 2415 471 2493 peditum,
490 2415 542 2493 [et]
557 2435 594 2473 xx
605 2415 680 2474 milia
695 2417 831 2494 equitnm,
845 2425 955 2492 septem
967 2424 996 2475 et

82 2523 138 2562 xxx
153 2501 321 2578 elephantos
334 2498 495 2559 adduxisse.
528 2497 639 2558 Interea
655 2498 734 2558 multi
744 2498 865 2576 Ligures
883 2507 911 2558 et
923 2498 995 2558 Galli

82 2585 228 2645 Hannibali
243 2603 275 2644 se
288 2585 501 2642 coniunxerunt.
526 2583 711 2660 Sempronius
718 2582 864 2642 Gracchus
879 2584 994 2660 c'ognito

82 2670 117 2729 ad
135 2668 242 2728 ltaliam
254 2666 416 2727 Hannibalis
428 2665 548 2725 adventu
562 2684 598 2726 ex
610 2666 707 2725 Sicilia
723 2668 879 2726 exercitum
893 2665 994 2725 Arimi·

80 2771 146 2813 num
158 2753 278 2812 traiecit.

145 2836 230 2896 Car.
242 2833 293 2894 lX.
314 2833 344 2894 P.
358 2832 508 2893 Cornelius
520 2834 618 2911 Scipio
630 2832 777 2893 Hannibali
791 2835 896 2910 primus
908 2832 994 2910 [apud

81 2921 218 2996 Ticinum]
232 2920 366 2978 occurrit.
396 2915 557 2979 Commisso
580 2917 709 2994 proelio,
737 2917 842 2994 iugatis
855 2917 914 2974 suis
930 2918 994 2992 ipse

80 3004 243 3064 vulneratus
260 3005 288 3062 in
305 3012 396 3062 castra
407 3002 500 3061 rediit.
535 3001 720 3078 Sempronius
732 2997 877 3058 Gracchus
890 3002 994 3076 etipse

81 3089 207 3166 coniligit
218 3086 293 3164 apud
304 3084 435 3145 Trebiam
447 3103 565 3145 amnem.
579 3083 608 3144 ls
624 3101 738 3162 quoque
749 3085 878 3142 vincitur.
891 3082 993 3142 Hanni·

80 3172 135 3231 bali
149 3172 227 3231 multi
239 3190 272 3230 se
282 3173 310 3230 in
323 3170 402 3231 ltalia
414 3169 588 3228 dedidemnt.
609 3167 678 3227 lnde
690 3166 862 3226 adTusciam
872 3168 991 3225 veniens
1004 3179 1061 3222 no.

80 3255 216 3316 Hannibal
227 3254 365 3315 Flaminio
379 3252 488 3311 consuli
505 3254 637 3311 occurrit.
661 3249 756 3327 Ipsum
771 3250 936 3311 Flaminium
952 3251 991 3308 in·
1000 3247 1047 3290 ⁵³⁵·

79 3341 200 3399 teremit.
222 3337 412 3397 Romanorum
427 3355 483 3396 xxv
493 3335 568 3393 milia
585 3352 669 3394 caesa
681 3342 754 3409 sunt,
772 3336 860 3394 ceteri
872 3333 991 3410 dilinge-

79 3432 151 3483 runt.
180 3419 286 3479 llissus
302 3420 439 3480 adversus
454 3416 636 3478 Hannibalem
652 3426 751 3494 postea
766 3436 782 3477 a
798 3417 933 3560 {omanis
956 3414 991 3488 Q.
