<?xml version="1.0" encoding="UTF-8"?>
<!DOCTYPE html PUBLIC "-//W3C//DTD XHTML 1.0 Transitional//EN"
    "http://www.w3.org/TR/xhtml1/DTD/xhtml1-transitional.dtd">
<html xmlns="http://www.w3.org/1999/xhtml" xml:lang="en" lang="en">
 <head>
  <title>
</title>
<meta http-equiv="Content-Type" content="text/html;charset=utf-8" />
  <meta name='ocr-system' content='tesseract 3.04.00' />
  <meta name='ocr-capabilities' content='ocr_page ocr_carea ocr_par ocr_line ocrx_word'/>
</head>
<body>
  <div class='ocr_page' id='page_1' title='image "./eutropiibreviar01crugoog_0072.png"; bbox 0 0 2266 3832; ppageno 0'>
   <div class='ocr_carea' id='block_1_1' title="bbox 423 236 989 303">
    <p class='ocr_par' dir='ltr' id='par_1_1' title="bbox 423 236 989 303">
     <span class='ocr_line' id='line_1_1' title="bbox 423 236 989 303; baseline -0.007 0"><span class='ocrx_word' id='word_1_1' title='bbox 423 245 559 303; x_wconf 78' lang='lat' dir='ltr'><strong>tinnit</strong></span> <span class='ocrx_word' id='word_1_2' title='bbox 584 245 645 302; x_wconf 88' lang='lat' dir='ltr'>VIII.</span> <span class='ocrx_word' id='word_1_3' title='bbox 949 236 989 300; x_wconf 81' lang='lat'><strong>57</strong></span> 
     </span>
    </p>
   </div>
   <div class='ocr_carea' id='block_1_2' title="bbox 79 407 1113 3493">
    <p class='ocr_par' dir='ltr' id='par_1_2' title="bbox 79 407 1113 975">
     <span class='ocr_line' id='line_1_2' title="bbox 81 407 991 488; baseline -0.007 -17"><span class='ocrx_word' id='word_1_4' title='bbox 81 412 246 471; x_wconf 84' lang='lat' dir='ltr'><strong>elementiae</strong></span> <span class='ocrx_word' id='word_1_5' title='bbox 268 410 387 488; x_wconf 81' lang='lat' dir='ltr'><strong>gloriam</strong></span> <span class='ocrx_word' id='word_1_6' title='bbox 408 410 519 483; x_wconf 85' lang='lat' dir='ltr'><strong>babuit,</strong></span> <span class='ocrx_word' id='word_1_7' title='bbox 544 407 775 486; x_wconf 76' lang='lat' dir='ltr'><strong>diligentissimus</strong></span> <span class='ocrx_word' id='word_1_8' title='bbox 800 417 892 467; x_wconf 86' lang='lat' dir='ltr'><strong>tamen</strong></span> <span class='ocrx_word' id='word_1_9' title='bbox 916 408 991 466; x_wconf 86' lang='lat' dir='ltr'><strong>oiroa</strong></span> 
     </span>
     <span class='ocr_line' id='line_1_3' title="bbox 79 489 1043 571; baseline -0.008 -16"><span class='ocrx_word' id='word_1_10' title='bbox 79 497 216 555; x_wconf 88' lang='lat' dir='ltr'><strong>aerarium</strong></span> <span class='ocrx_word' id='word_1_11' title='bbox 227 503 255 554; x_wconf 91' lang='lat' dir='ltr'><strong>et</strong></span> <span class='ocrx_word' id='word_1_12' title='bbox 266 493 382 553; x_wconf 89' lang='lat' dir='ltr'><strong>militurn</strong></span> <span class='ocrx_word' id='word_1_13' title='bbox 394 493 579 571; x_wconf 64' lang='lat' dir='ltr'><strong>disciplinam·</strong></span> <span class='ocrx_word' id='word_1_14' title='bbox 607 491 684 552; x_wconf 82' lang='lat' dir='ltr'><strong>Obiit</strong></span> <span class='ocrx_word' id='word_1_15' title='bbox 699 493 728 551; x_wconf 91' lang='lat' dir='ltr'><strong>iu</strong></span> <span class='ocrx_word' id='word_1_16' title='bbox 739 489 890 570; x_wconf 83' lang='lat' dir='ltr'><strong>Campania</strong></span> <span class='ocrx_word' id='word_1_17' title='bbox 903 492 991 551; x_wconf 88' lang='lat' dir='ltr'><strong>maior</strong></span> <span class='ocrx_word' id='word_1_18' title='bbox 1017 498 1043 541; x_wconf 74' lang='grc' dir='ltr'><strong>Ρ.</strong></span> 
     </span>
     <span class='ocr_line' id='line_1_4' title="bbox 79 566 1113 657; baseline -0.008 -19"><span class='ocrx_word' id='word_1_19' title='bbox 79 579 264 657; x_wconf 77' lang='lat' dir='ltr'><strong>sexagenario</strong></span> <span class='ocrx_word' id='word_1_20' title='bbox 276 580 387 656; x_wconf 90' lang='lat' dir='ltr'><strong>imperii</strong></span> <span class='ocrx_word' id='word_1_21' title='bbox 401 595 472 637; x_wconf 87' lang='lat' dir='ltr'><strong>anno</strong></span> <span class='ocrx_word' id='word_1_22' title='bbox 482 594 652 637; x_wconf 78' lang='lat' dir='ltr'><strong>murense</strong></span> <span class='ocrx_word' id='word_1_23' title='bbox 665 595 693 635; x_wconf 82' lang='lat' dir='ltr'><strong>x.</strong></span> <span class='ocrx_word' id='word_1_24' title='bbox 708 574 755 636; x_wconf 86' lang='lat' dir='ltr'><strong>die</strong></span> <span class='ocrx_word' id='word_1_25' title='bbox 769 595 847 637; x_wconf 77' lang='lat' dir='ltr'><strong>nrm.</strong></span> <span class='ocrx_word' id='word_1_26' title='bbox 871 574 990 634; x_wconf 89' lang='lat' dir='ltr'><strong>Senatus</strong></span> <span class='ocrx_word' id='word_1_27' title='bbox 1000 566 1055 609; x_wconf 52' lang='grc' dir='ltr'><strong>Μ·</strong></span> <span class='ocrx_word' id='word_1_28' title='bbox 1108 639 1113 647; x_wconf 43' lang='lat'><em>,</em></span> 
     </span>
     <span class='ocr_line' id='line_1_5' title="bbox 80 635 1050 736; baseline -0.005 -14"><span class='ocrx_word' id='word_1_29' title='bbox 80 664 106 723; x_wconf 90' lang='lat' dir='ltr'><strong>ei</strong></span> <span class='ocrx_word' id='word_1_30' title='bbox 127 663 251 721; x_wconf 88' lang='lat' dir='ltr'><strong>tribuere</strong></span> <span class='ocrx_word' id='word_1_31' title='bbox 268 660 357 721; x_wconf 89' lang='lat' dir='ltr'><strong>noluit</strong></span> <span class='ocrx_word' id='word_1_32' title='bbox 375 660 485 721; x_wconf 89' lang='lat' dir='ltr'><strong>divinos</strong></span> <span class='ocrx_word' id='word_1_33' title='bbox 496 660 632 736; x_wconf 88' lang='lat' dir='ltr'><strong>bonores,</strong></span> <span class='ocrx_word' id='word_1_34' title='bbox 650 668 743 720; x_wconf 86' lang='lat' dir='ltr'><strong>tamen</strong></span> <span class='ocrx_word' id='word_1_35' title='bbox 760 678 823 720; x_wconf 88' lang='lat' dir='ltr'><strong>oum</strong></span> <span class='ocrx_word' id='word_1_36' title='bbox 839 674 987 719; x_wconf 87' lang='lat' dir='ltr'><strong>suoeessor</strong></span> <span class='ocrx_word' id='word_1_37' title='bbox 1007 635 1050 676; x_wconf 70' lang='lat'><strong>¹³⁸·</strong></span> 
     </span>
     <span class='ocr_line' id='line_1_6' title="bbox 80 743 991 823; baseline -0.005 -18"><span class='ocrx_word' id='word_1_38' title='bbox 80 748 169 823; x_wconf 91' lang='lat' dir='ltr'><strong>ipsius</strong></span> <span class='ocrx_word' id='word_1_39' title='bbox 186 745 264 804; x_wconf 82' lang='lat' dir='ltr'>Titus</span> <span class='ocrx_word' id='word_1_40' title='bbox 280 744 413 804; x_wconf 78' lang='lat' dir='ltr'><strong>Aurelius</strong></span> <span class='ocrx_word' id='word_1_41' title='bbox 431 743 546 804; x_wconf 80' lang='lat' dir='ltr'><strong>Fulvius</strong></span> <span class='ocrx_word' id='word_1_42' title='bbox 562 743 718 803; x_wconf 90' lang='lat' dir='ltr'><strong>Antoninus</strong></span> <span class='ocrx_word' id='word_1_43' title='bbox 736 744 792 803; x_wconf 88' lang='lat' dir='ltr'><strong>boe</strong></span> <span class='ocrx_word' id='word_1_44' title='bbox 808 744 991 804; x_wconf 86' lang='lat' dir='ltr'><strong>vehementer</strong></span> 
     </span>
     <span class='ocr_line' id='line_1_7' title="bbox 80 826 991 906; baseline -0.005 -17"><span class='ocrx_word' id='word_1_45' title='bbox 80 831 209 906; x_wconf 84' lang='lat' dir='ltr'><strong>exigeret</strong></span> <span class='ocrx_word' id='word_1_46' title='bbox 227 836 256 888; x_wconf 89' lang='lat' dir='ltr'><strong>et</strong></span> <span class='ocrx_word' id='word_1_47' title='bbox 272 831 396 888; x_wconf 83' lang='lat' dir='ltr'><strong>universi</strong></span> <span class='ocrx_word' id='word_1_48' title='bbox 413 837 559 888; x_wconf 80' lang='lat' dir='ltr'><strong>senatores</strong></span> <span class='ocrx_word' id='word_1_49' title='bbox 572 827 663 906; x_wconf 87' lang='lat' dir='ltr'><strong>palam</strong></span> <span class='ocrx_word' id='word_1_50' title='bbox 675 829 856 904; x_wconf 79' lang='lat' dir='ltr'>resisterent,</span> <span class='ocrx_word' id='word_1_51' title='bbox 879 826 991 886; x_wconf 88' lang='lat' dir='ltr'><strong>taudem</strong></span> 
     </span>
     <span class='ocr_line' id='line_1_8' title="bbox 82 914 952 975; baseline -0.003 -3"><span class='ocrx_word' id='word_1_52' title='bbox 82 914 211 975; x_wconf 76' lang='lat' dir='ltr'>obtinuit,</span> <span class='ocrx_word' id='word_1_53' title='bbox 949 927 952 933; x_wconf 90' lang='lat'>·</span> 
     </span>
    </p>

    <p class='ocr_par' dir='ltr' id='par_1_3' title="bbox 79 992 1053 2559">
     <span class='ocr_line' id='line_1_9' title="bbox 143 992 991 1075; baseline -0.005 -20"><span class='ocrx_word' id='word_1_54' title='bbox 143 996 229 1055; x_wconf 77' lang='lat' dir='ltr'><strong>Gur.</strong></span> <span class='ocrx_word' id='word_1_55' title='bbox 240 993 317 1053; x_wconf 86' lang='lat' dir='ltr'>VIII.</span> <span class='ocrx_word' id='word_1_56' title='bbox 333 993 412 1075; x_wconf 85' lang='lat' dir='ltr'>(IV.)</span> <span class='ocrx_word' id='word_1_57' title='bbox 436 994 514 1074; x_wconf 83' lang='lat' dir='ltr'><strong>Ergo</strong></span> <span class='ocrx_word' id='word_1_58' title='bbox 525 995 665 1055; x_wconf 88' lang='lat' dir='ltr'><strong>Hadriano</strong></span> <span class='ocrx_word' id='word_1_59' title='bbox 678 997 819 1055; x_wconf 88' lang='lat' dir='ltr'><strong>suecessit</strong></span> <span class='ocrx_word' id='word_1_60' title='bbox 829 993 862 1054; x_wconf 83' lang='lat' dir='ltr'><strong>T.</strong></span> <span class='ocrx_word' id='word_1_61' title='bbox 876 992 991 1054; x_wconf 89' lang='lat' dir='ltr'><strong>Antoni-</strong></span> 
     </span>
     <span class='ocr_line' id='line_1_10' title="bbox 80 1076 993 1157; baseline -0.001 -18"><span class='ocrx_word' id='word_1_62' title='bbox 80 1077 573 1156; x_wconf 80' lang='lat' dir='ltr'><strong>nusFulviusBoionius,idemetiam</strong></span> <span class='ocrx_word' id='word_1_63' title='bbox 581 1076 993 1157; x_wconf 65' lang='lat' dir='ltr'><strong>Piusuominatusgonereola-</strong></span> 
     </span>
     <span class='ocr_line' id='line_1_11' title="bbox 79 1160 978 1242; baseline -0.003 -19"><span class='ocrx_word' id='word_1_64' title='bbox 79 1179 123 1240; x_wconf 84' lang='lat' dir='ltr'><strong>ro,</strong></span> <span class='ocrx_word' id='word_1_65' title='bbox 133 1162 186 1222; x_wconf 85' lang='lat' dir='ltr'><strong>sed</strong></span> <span class='ocrx_word' id='word_1_66' title='bbox 196 1179 252 1222; x_wconf 94' lang='lat' dir='ltr'><strong>non</strong></span> <span class='ocrx_word' id='word_1_67' title='bbox 263 1161 412 1222; x_wconf 84' lang='lat' dir='ltr'><strong>admodum</strong></span> <span class='ocrx_word' id='word_1_68' title='bbox 424 1172 532 1240; x_wconf 83' lang='lat' dir='ltr'><strong>vetere,</strong></span> <span class='ocrx_word' id='word_1_69' title='bbox 544 1165 589 1222; x_wconf 82' lang='lat' dir='ltr'><strong>vir</strong></span> <span class='ocrx_word' id='word_1_70' title='bbox 601 1164 719 1241; x_wconf 77' lang='lat' dir='ltr'>insignis</span> <span class='ocrx_word' id='word_1_71' title='bbox 731 1171 761 1222; x_wconf 88' lang='lat' dir='ltr'><strong>et</strong></span> <span class='ocrx_word' id='word_1_72' title='bbox 772 1162 925 1242; x_wconf 85' lang='lat' dir='ltr'><strong>quimarito</strong></span> <span class='ocrx_word' id='word_1_73' title='bbox 935 1160 978 1220; x_wconf 89' lang='lat' dir='ltr'><strong>Nu</strong></span> 
     </span>
     <span class='ocr_line' id='line_1_12' title="bbox 82 1243 991 1325; baseline -0.006 -19"><span class='ocrx_word' id='word_1_74' title='bbox 82 1243 474 1323; x_wconf 87' lang='lat' dir='ltr'><strong>maePompiliooouieratur‚</strong></span> <span class='ocrx_word' id='word_1_75' title='bbox 489 1249 526 1307; x_wconf 92' lang='lat' dir='ltr'><strong>ita</strong></span> <span class='ocrx_word' id='word_1_76' title='bbox 532 1256 562 1306; x_wconf 93' lang='lat' dir='ltr'><strong>ut</strong></span> <span class='ocrx_word' id='word_1_77' title='bbox 572 1247 693 1306; x_wconf 89' lang='lat' dir='ltr'><strong>Romulo</strong></span> <span class='ocrx_word' id='word_1_78' title='bbox 701 1245 835 1306; x_wconf 85' lang='lat' dir='ltr'><strong>Traianus</strong></span> <span class='ocrx_word' id='word_1_79' title='bbox 845 1254 991 1325; x_wconf 85' lang='lat' dir='ltr'><strong>aequetur.</strong></span> 
     </span>
     <span class='ocr_line' id='line_1_13' title="bbox 81 1327 992 1407; baseline -0.002 -19"><span class='ocrx_word' id='word_1_80' title='bbox 81 1331 156 1390; x_wconf 83' lang='lat' dir='ltr'>Vixit</span> <span class='ocrx_word' id='word_1_81' title='bbox 171 1330 279 1407; x_wconf 74' lang='lat' dir='ltr'>ingenti</span> <span class='ocrx_word' id='word_1_82' title='bbox 294 1329 443 1389; x_wconf 86' lang='lat' dir='ltr'><strong>honestato</strong></span> <span class='ocrx_word' id='word_1_83' title='bbox 461 1332 596 1407; x_wconf 84' lang='lat' dir='ltr'><strong>privatus,</strong></span> <span class='ocrx_word' id='word_1_84' title='bbox 614 1332 710 1389; x_wconf 91' lang='lat' dir='ltr'><strong>maiori</strong></span> <span class='ocrx_word' id='word_1_85' title='bbox 727 1331 755 1388; x_wconf 91' lang='lat' dir='ltr'><strong>in</strong></span> <span class='ocrx_word' id='word_1_86' title='bbox 775 1330 906 1407; x_wconf 84' lang='lat' dir='ltr'><strong>imperio,</strong></span> <span class='ocrx_word' id='word_1_87' title='bbox 925 1327 992 1387; x_wconf 95' lang='lat' dir='ltr'><strong>nulli</strong></span> 
     </span>
     <span class='ocr_line' id='line_1_14' title="bbox 82 1411 993 1490; baseline -0.002 -18"><span class='ocrx_word' id='word_1_88' title='bbox 82 1413 214 1488; x_wconf 80' lang='lat' dir='ltr'><strong>acerbus,</strong></span> <span class='ocrx_word' id='word_1_89' title='bbox 225 1413 343 1471; x_wconf 70' lang='lat' dir='ltr'><strong>&#39;eunctis</strong></span> <span class='ocrx_word' id='word_1_90' title='bbox 361 1413 517 1490; x_wconf 79' lang='lat' dir='ltr'><strong>benignus,</strong></span> <span class='ocrx_word' id='word_1_91' title='bbox 536 1417 565 1473; x_wconf 94' lang='lat' dir='ltr'><strong>in</strong></span> <span class='ocrx_word' id='word_1_92' title='bbox 582 1434 614 1473; x_wconf 94' lang='lat' dir='ltr'><strong>re</strong></span> <span class='ocrx_word' id='word_1_93' title='bbox 625 1414 736 1473; x_wconf 88' lang='lat' dir='ltr'><strong>militari</strong></span> <span class='ocrx_word' id='word_1_94' title='bbox 747 1412 890 1472; x_wconf 87' lang='lat' dir='ltr'><strong>moderata</strong></span> <span class='ocrx_word' id='word_1_95' title='bbox 901 1411 993 1490; x_wconf 82' lang='lat' dir='ltr'><strong>gloria</strong></span> 
     </span>
     <span class='ocr_line' id='line_1_15' title="bbox 81 1495 992 1577; baseline -0.001 -21"><span class='ocrx_word' id='word_1_96' title='bbox 81 1495 235 1556; x_wconf 84' lang='lat' dir='ltr'><strong>defendere</strong></span> <span class='ocrx_word' id='word_1_97' title='bbox 248 1497 337 1574; x_wconf 78' lang='lat' dir='ltr'><strong>magis</strong></span> <span class='ocrx_word' id='word_1_98' title='bbox 348 1499 509 1574; x_wconf 86' lang='lat' dir='ltr'><strong>proviuoias</strong></span> <span class='ocrx_word' id='word_1_99' title='bbox 523 1516 606 1577; x_wconf 87' lang='lat' dir='ltr'><strong>quam</strong></span> <span class='ocrx_word' id='word_1_100' title='bbox 618 1496 790 1574; x_wconf 80' lang='lat' dir='ltr'><strong>amplificare</strong></span> <span class='ocrx_word' id='word_1_101' title='bbox 806 1495 934 1573; x_wconf 87' lang='lat' dir='ltr'><strong>studens,</strong></span> <span class='ocrx_word' id='word_1_102' title='bbox 951 1496 992 1554; x_wconf 86' lang='lat' dir='ltr'><strong>vi·</strong></span> 
     </span>
     <span class='ocr_line' id='line_1_16' title="bbox 80 1580 992 1659; baseline -0.001 -19"><span class='ocrx_word' id='word_1_103' title='bbox 80 1597 128 1640; x_wconf 84' lang='lat' dir='ltr'><strong>·os</strong></span> <span class='ocrx_word' id='word_1_104' title='bbox 144 1581 333 1659; x_wconf 88' lang='lat' dir='ltr'><strong>aequissimos</strong></span> <span class='ocrx_word' id='word_1_105' title='bbox 355 1580 390 1640; x_wconf 90' lang='lat' dir='ltr'><strong>ad</strong></span> <span class='ocrx_word' id='word_1_106' title='bbox 406 1580 648 1643; x_wconf 82' lang='lat' dir='ltr'><strong>admInistrundam</strong></span> <span class='ocrx_word' id='word_1_107' title='bbox 668 1599 728 1640; x_wconf 86' lang='lat' dir='ltr'><strong>rem</strong></span> <span class='ocrx_word' id='word_1_108' title='bbox 748 1580 890 1658; x_wconf 85' lang='lat' dir='ltr'><strong>publicam</strong></span> <span class='ocrx_word' id='word_1_109' title='bbox 906 1597 992 1658; x_wconf 89' lang='lat' dir='ltr'><strong>quae·</strong></span> 
     </span>
     <span class='ocr_line' id='line_1_17' title="bbox 80 1664 992 1743; baseline -0.003 -19"><span class='ocrx_word' id='word_1_110' title='bbox 80 1683 156 1742; x_wconf 83' lang='lat' dir='ltr'><strong>reus,</strong></span> <span class='ocrx_word' id='word_1_111' title='bbox 170 1665 252 1726; x_wconf 89' lang='lat' dir='ltr'><strong>bonis</strong></span> <span class='ocrx_word' id='word_1_112' title='bbox 264 1664 401 1724; x_wconf 86' lang='lat' dir='ltr'><strong>bonorem</strong></span> <span class='ocrx_word' id='word_1_113' title='bbox 412 1665 535 1742; x_wconf 83' lang='lat' dir='ltr'><strong>babens,</strong></span> <span class='ocrx_word' id='word_1_114' title='bbox 556 1665 702 1743; x_wconf 88' lang='lat' dir='ltr'><strong>improbos</strong></span> <span class='ocrx_word' id='word_1_115' title='bbox 721 1666 784 1725; x_wconf 83' lang='lat' dir='ltr'><strong>sibe</strong></span> <span class='ocrx_word' id='word_1_116' title='bbox 802 1664 896 1743; x_wconf 87' lang='lat' dir='ltr'><strong>aliqua</strong></span> <span class='ocrx_word' id='word_1_117' title='bbox 913 1681 992 1724; x_wconf 81' lang='lat' dir='ltr'><strong>acer·</strong></span> 
     </span>
     <span class='ocr_line' id='line_1_18' title="bbox 80 1747 992 1826; baseline -0.004 -17"><span class='ocrx_word' id='word_1_118' title='bbox 80 1751 166 1809; x_wconf 86' lang='lat' dir='ltr'><strong>bitate</strong></span> <span class='ocrx_word' id='word_1_119' title='bbox 192 1747 350 1826; x_wconf 83' lang='lat' dir='ltr'><strong>detestans,</strong></span> <span class='ocrx_word' id='word_1_120' title='bbox 372 1749 489 1826; x_wconf 83' lang='lat' dir='ltr'><strong>regibus</strong></span> <span class='ocrx_word' id='word_1_121' title='bbox 514 1752 611 1810; x_wconf 86' lang='lat' dir='ltr'><strong>amicis</strong></span> <span class='ocrx_word' id='word_1_122' title='bbox 625 1747 803 1809; x_wconf 79' lang='lat' dir='ltr'><strong>&#39;venerabilis</strong></span> <span class='ocrx_word' id='word_1_123' title='bbox 824 1765 881 1808; x_wconf 94' lang='lat' dir='ltr'><strong>non</strong></span> <span class='ocrx_word' id='word_1_124' title='bbox 902 1749 992 1806; x_wconf 87' lang='lat' dir='ltr'><strong>miuus</strong></span> 
     </span>
     <span class='ocr_line' id='line_1_19' title="bbox 81 1831 993 1911; baseline -0.003 -19"><span class='ocrx_word' id='word_1_125' title='bbox 81 1849 163 1910; x_wconf 88' lang='lat' dir='ltr'><strong>quam</strong></span> <span class='ocrx_word' id='word_1_126' title='bbox 181 1832 330 1909; x_wconf 83' lang='lat' dir='ltr'><strong>torribilis,</strong></span> <span class='ocrx_word' id='word_1_127' title='bbox 356 1831 429 1892; x_wconf 86' lang='lat' dir='ltr'><strong>adeo</strong></span> <span class='ocrx_word' id='word_1_128' title='bbox 450 1842 480 1891; x_wconf 94' lang='lat' dir='ltr'><strong>ut</strong></span> <span class='ocrx_word' id='word_1_129' title='bbox 498 1833 680 1893; x_wconf 89' lang='lat' dir='ltr'><strong>barbarorum</strong></span> <span class='ocrx_word' id='word_1_130' title='bbox 707 1832 843 1911; x_wconf 83' lang='lat' dir='ltr'><strong>plurimae</strong></span> <span class='ocrx_word' id='word_1_131' title='bbox 864 1834 993 1890; x_wconf 90' lang='lat' dir='ltr'><strong>nationes</strong></span> 
     </span>
     <span class='ocr_line' id='line_1_20' title="bbox 81 1914 993 1993; baseline -0.001 -19"><span class='ocrx_word' id='word_1_132' title='bbox 81 1916 220 1993; x_wconf 88' lang='lat' dir='ltr'><strong>depositis</strong></span> <span class='ocrx_word' id='word_1_133' title='bbox 238 1917 321 1974; x_wconf 89' lang='lat' dir='ltr'><strong>armis</strong></span> <span class='ocrx_word' id='word_1_134' title='bbox 337 1915 371 1974; x_wconf 87' lang='lat' dir='ltr'><strong>ad</strong></span> <span class='ocrx_word' id='word_1_135' title='bbox 387 1933 450 1974; x_wconf 90' lang='lat' dir='ltr'><strong>eum</strong></span> <span class='ocrx_word' id='word_1_136' title='bbox 465 1919 673 1976; x_wconf 82' lang='lat' dir='ltr'><strong>controversias</strong></span> <span class='ocrx_word' id='word_1_137' title='bbox 684 1934 749 1975; x_wconf 90' lang='lat' dir='ltr'><strong>suas</strong></span> <span class='ocrx_word' id='word_1_138' title='bbox 761 1915 884 1993; x_wconf 84' lang='lat' dir='ltr'><strong>litesque</strong></span> <span class='ocrx_word' id='word_1_139' title='bbox 901 1914 993 1974; x_wconf 89' lang='lat' dir='ltr'><strong>deler-</strong></span> 
     </span>
     <span class='ocr_line' id='line_1_21' title="bbox 81 1998 993 2076; baseline 0 -19"><span class='ocrx_word' id='word_1_140' title='bbox 81 2006 143 2057; x_wconf 88' lang='lat' dir='ltr'><strong>rent</strong></span> <span class='ocrx_word' id='word_1_141' title='bbox 155 2001 370 2076; x_wconf 82' lang='lat' dir='ltr'>sententiaeque</span> <span class='ocrx_word' id='word_1_142' title='bbox 382 2001 443 2058; x_wconf 90' lang='lat' dir='ltr'><strong>eius</strong></span> <span class='ocrx_word' id='word_1_143' title='bbox 453 2009 595 2076; x_wconf 88' lang='lat' dir='ltr'><strong>parerent.</strong></span> <span class='ocrx_word' id='word_1_144' title='bbox 617 2000 671 2058; x_wconf 87' lang='lat' dir='ltr'><strong>llio</strong></span> <span class='ocrx_word' id='word_1_145' title='bbox 682 2008 746 2058; x_wconf 90' lang='lat' dir='ltr'><strong>ante</strong></span> <span class='ocrx_word' id='word_1_146' title='bbox 757 2001 905 2075; x_wconf 80' lang='lat' dir='ltr'><strong>Imperium</strong></span> <span class='ocrx_word' id='word_1_147' title='bbox 917 1998 993 2058; x_wconf 90' lang='lat' dir='ltr'>ditis·</span> 
     </span>
     <span class='ocr_line' id='line_1_22' title="bbox 81 2079 994 2160; baseline 0.001 -21"><span class='ocrx_word' id='word_1_148' title='bbox 81 2084 168 2140; x_wconf 88' lang='lat' dir='ltr'><strong>simus</strong></span> <span class='ocrx_word' id='word_1_149' title='bbox 181 2097 253 2159; x_wconf 93' lang='lat' dir='ltr'><strong>opes</strong></span> <span class='ocrx_word' id='word_1_150' title='bbox 266 2079 380 2158; x_wconf 87' lang='lat' dir='ltr'><strong>quidem</strong></span> <span class='ocrx_word' id='word_1_151' title='bbox 392 2097 489 2141; x_wconf 88' lang='lat' dir='ltr'><strong>omnes</strong></span> <span class='ocrx_word' id='word_1_152' title='bbox 502 2100 569 2142; x_wconf 88' lang='lat' dir='ltr'><strong>suas</strong></span> <span class='ocrx_word' id='word_1_153' title='bbox 581 2081 729 2160; x_wconf 89' lang='lat' dir='ltr'><strong>stipendiis</strong></span> <span class='ocrx_word' id='word_1_154' title='bbox 741 2080 858 2140; x_wconf 91' lang='lat' dir='ltr'><strong>militum</strong></span> <span class='ocrx_word' id='word_1_155' title='bbox 872 2090 901 2141; x_wconf 86' lang='lat' dir='ltr'><strong>et</strong></span> <span class='ocrx_word' id='word_1_156' title='bbox 919 2083 994 2140; x_wconf 88' lang='lat' dir='ltr'><strong>oiroa</strong></span> 
     </span>
     <span class='ocr_line' id='line_1_23' title="bbox 83 2163 994 2243; baseline -0.002 -20"><span class='ocrx_word' id='word_1_157' title='bbox 83 2165 187 2231; x_wconf 72' lang='lat' dir='ltr'><strong>amieos</strong></span> <span class='ocrx_word' id='word_1_158' title='bbox 206 2163 420 2224; x_wconf 88' lang='lat' dir='ltr'><strong>liberalitatibus</strong></span> <span class='ocrx_word' id='word_1_159' title='bbox 438 2166 552 2243; x_wconf 86' lang='lat' dir='ltr'><strong>minuit,</strong></span> <span class='ocrx_word' id='word_1_160' title='bbox 574 2184 673 2226; x_wconf 84' lang='lat' dir='ltr'><strong>verum</strong></span> <span class='ocrx_word' id='word_1_161' title='bbox 683 2165 820 2224; x_wconf 88' lang='lat' dir='ltr'><strong>aerarium</strong></span> <span class='ocrx_word' id='word_1_162' title='bbox 832 2163 994 2242; x_wconf 88' lang='lat' dir='ltr'><strong>opulentum</strong></span> 
     </span>
     <span class='ocr_line' id='line_1_24' title="bbox 80 2246 1044 2326; baseline 0 -20"><span class='ocrx_word' id='word_1_163' title='bbox 80 2247 206 2326; x_wconf 77' lang='lat' dir='ltr'><strong>reliquit.</strong></span> <span class='ocrx_word' id='word_1_164' title='bbox 232 2246 299 2307; x_wconf 87' lang='lat' dir='ltr'><strong>Pius</strong></span> <span class='ocrx_word' id='word_1_165' title='bbox 314 2257 430 2326; x_wconf 87' lang='lat' dir='ltr'><strong>propter</strong></span> <span class='ocrx_word' id='word_1_166' title='bbox 444 2248 620 2309; x_wconf 80' lang='lat' dir='ltr'><strong>elementiam</strong></span> <span class='ocrx_word' id='word_1_167' title='bbox 639 2249 730 2308; x_wconf 79' lang='lat' dir='ltr'><strong>obotus</strong></span> <span class='ocrx_word' id='word_1_168' title='bbox 743 2255 795 2306; x_wconf 90' lang='lat' dir='ltr'><strong>est.</strong></span> <span class='ocrx_word' id='word_1_169' title='bbox 829 2246 906 2307; x_wconf 90' lang='lat' dir='ltr'><strong>Obiit</strong></span> <span class='ocrx_word' id='word_1_170' title='bbox 920 2247 994 2324; x_wconf 89' lang='lat' dir='ltr'><strong>apud</strong></span> <span class='ocrx_word' id='word_1_171' title='bbox 1019 2266 1044 2306; x_wconf 76' lang='lat' dir='ltr'><strong>n,</strong></span> 
     </span>
     <span class='ocr_line' id='line_1_25' title="bbox 82 2331 1053 2409; baseline -0.001 -19"><span class='ocrx_word' id='word_1_172' title='bbox 82 2331 207 2408; x_wconf 82' lang='lat' dir='ltr'><strong>borium,</strong></span> <span class='ocrx_word' id='word_1_173' title='bbox 235 2331 330 2391; x_wconf 82' lang='lat' dir='ltr'><strong>villam</strong></span> <span class='ocrx_word' id='word_1_174' title='bbox 352 2350 444 2409; x_wconf 88' lang='lat' dir='ltr'><strong>suam,</strong></span> <span class='ocrx_word' id='word_1_175' title='bbox 465 2333 585 2393; x_wconf 89' lang='lat' dir='ltr'><strong>miliario</strong></span> <span class='ocrx_word' id='word_1_176' title='bbox 607 2334 642 2393; x_wconf 95' lang='lat' dir='ltr'><strong>ab</strong></span> <span class='ocrx_word' id='word_1_177' title='bbox 657 2332 728 2391; x_wconf 87' lang='lat' dir='ltr'><strong>urbe</strong></span> <span class='ocrx_word' id='word_1_178' title='bbox 744 2350 811 2407; x_wconf 82' lang='lat' dir='ltr'><strong>run,</strong></span> <span class='ocrx_word' id='word_1_179' title='bbox 835 2333 1053 2390; x_wconf 70' lang='lat' dir='ltr'><strong>mesauloe-N</strong></span> 
     </span>
     <span class='ocr_line' id='line_1_26' title="bbox 82 2402 1053 2496; baseline -0.004 -19"><span class='ocrx_word' id='word_1_180' title='bbox 82 2435 197 2491; x_wconf 79' lang='lat' dir='ltr'><strong>numm,</strong></span> <span class='ocrx_word' id='word_1_181' title='bbox 221 2416 332 2493; x_wconf 92' lang='lat' dir='ltr'><strong>imperii</strong></span> <span class='ocrx_word' id='word_1_182' title='bbox 343 2435 461 2494; x_wconf 75' lang='lat' dir='ltr'><strong>rusum,</strong></span> <span class='ocrx_word' id='word_1_183' title='bbox 484 2425 569 2496; x_wconf 86' lang='lat' dir='ltr'><strong>atque</strong></span> <span class='ocrx_word' id='word_1_184' title='bbox 584 2418 658 2479; x_wconf 86' lang='lat' dir='ltr'><strong>inter</strong></span> <span class='ocrx_word' id='word_1_185' title='bbox 674 2415 765 2474; x_wconf 87' lang='lat' dir='ltr'><strong>Divos</strong></span> <span class='ocrx_word' id='word_1_186' title='bbox 780 2413 885 2474; x_wconf 90' lang='lat' dir='ltr'><strong>relatus</strong></span> <span class='ocrx_word' id='word_1_187' title='bbox 905 2424 951 2473; x_wconf 88' lang='lat' dir='ltr'><strong>est</strong></span> <span class='ocrx_word' id='word_1_188' title='bbox 967 2423 994 2473; x_wconf 90' lang='lat' dir='ltr'><strong>et</strong></span> <span class='ocrx_word' id='word_1_189' title='bbox 1010 2402 1053 2444; x_wconf 72' lang='lat'>¹⁶¹·</span> 
     </span>
     <span class='ocr_line' id='line_1_27' title="bbox 81 2501 390 2559; baseline 0.003 -1"><span class='ocrx_word' id='word_1_190' title='bbox 81 2501 181 2559; x_wconf 88' lang='lat' dir='ltr'><strong>merito</strong></span> <span class='ocrx_word' id='word_1_191' title='bbox 197 2508 390 2559; x_wconf 80' lang='lat' dir='ltr'><strong>consecratus.</strong></span> 
     </span>
    </p>

    <p class='ocr_par' dir='ltr' id='par_1_4' title="bbox 80 2581 996 3162">
     <span class='ocr_line' id='line_1_28' title="bbox 145 2581 994 2663; baseline -0.004 -21"><span class='ocrx_word' id='word_1_192' title='bbox 145 2584 230 2644; x_wconf 80' lang='lat' dir='ltr'><strong>(lar.</strong></span> <span class='ocrx_word' id='word_1_193' title='bbox 243 2581 291 2642; x_wconf 89' lang='lat' dir='ltr'><strong>IX.</strong></span> <span class='ocrx_word' id='word_1_194' title='bbox 304 2583 370 2663; x_wconf 90' lang='lat' dir='ltr'>(V.)</span> <span class='ocrx_word' id='word_1_195' title='bbox 390 2583 458 2643; x_wconf 90' lang='lat' dir='ltr'>Post</span> <span class='ocrx_word' id='word_1_196' title='bbox 469 2585 544 2644; x_wconf 88' lang='lat' dir='ltr'><strong>buno</strong></span> <span class='ocrx_word' id='word_1_197' title='bbox 558 2582 825 2661; x_wconf 80' lang='lat' dir='ltr'><strong>imperavitblarous</strong></span> <span class='ocrx_word' id='word_1_198' title='bbox 836 2581 994 2642; x_wconf 77' lang='lat' dir='ltr'><strong>Autumnus</strong></span> 
     </span>
     <span class='ocr_line' id='line_1_29' title="bbox 81 2666 994 2746; baseline -0.002 -21"><span class='ocrx_word' id='word_1_199' title='bbox 81 2667 184 2742; x_wconf 81' lang='lat' dir='ltr'><strong>Verus,</strong></span> <span class='ocrx_word' id='word_1_200' title='bbox 197 2667 364 2727; x_wconf 84' lang='lat' dir='ltr'><strong>hauddubie</strong></span> <span class='ocrx_word' id='word_1_201' title='bbox 375 2666 697 2746; x_wconf 86' lang='lat' dir='ltr'><strong>nobilissimus,quippe</strong></span> <span class='ocrx_word' id='word_1_202' title='bbox 708 2685 771 2726; x_wconf 86' lang='lat' dir='ltr'><strong>eum</strong></span> <span class='ocrx_word' id='word_1_203' title='bbox 783 2667 933 2742; x_wconf 82' lang='lat' dir='ltr'><strong>oiusorIgo</strong></span> <span class='ocrx_word' id='word_1_204' title='bbox 946 2681 994 2742; x_wconf 93' lang='lat' dir='ltr'><strong>pa·</strong></span> 
     </span>
     <span class='ocr_line' id='line_1_30' title="bbox 81 2747 994 2829; baseline -0.002 -20"><span class='ocrx_word' id='word_1_205' title='bbox 81 2761 159 2809; x_wconf 89' lang='lat' dir='ltr'><strong>terna</strong></span> <span class='ocrx_word' id='word_1_206' title='bbox 171 2767 187 2809; x_wconf 87' lang='lat' dir='ltr'><strong>a</strong></span> <span class='ocrx_word' id='word_1_207' title='bbox 200 2749 290 2810; x_wconf 88' lang='lat' dir='ltr'><strong>Numa</strong></span> <span class='ocrx_word' id='word_1_208' title='bbox 301 2750 451 2829; x_wconf 84' lang='lat' dir='ltr'><strong>Pompilio,</strong></span> <span class='ocrx_word' id='word_1_209' title='bbox 470 2759 593 2811; x_wconf 89' lang='lat' dir='ltr'><strong>materna</strong></span> <span class='ocrx_word' id='word_1_210' title='bbox 610 2768 625 2810; x_wconf 88' lang='lat' dir='ltr'><strong>a</strong></span> <span class='ocrx_word' id='word_1_211' title='bbox 638 2750 792 2811; x_wconf 86' lang='lat' dir='ltr'><strong>Sallentino</strong></span> <span class='ocrx_word' id='word_1_212' title='bbox 805 2767 877 2827; x_wconf 75' lang='lat' dir='ltr'><strong>rege</strong></span> <span class='ocrx_word' id='word_1_213' title='bbox 890 2747 994 2826; x_wconf 86' lang='lat' dir='ltr'><strong>pende·</strong></span> 
     </span>
     <span class='ocr_line' id='line_1_31' title="bbox 82 2832 994 2913; baseline -0.001 -22"><span class='ocrx_word' id='word_1_214' title='bbox 82 2843 134 2908; x_wconf 82' lang='lat' dir='ltr'><strong>ret,</strong></span> <span class='ocrx_word' id='word_1_215' title='bbox 157 2840 185 2892; x_wconf 89' lang='lat' dir='ltr'><strong>et</strong></span> <span class='ocrx_word' id='word_1_216' title='bbox 199 2850 262 2892; x_wconf 88' lang='lat' dir='ltr'><strong>oum</strong></span> <span class='ocrx_word' id='word_1_217' title='bbox 274 2850 309 2894; x_wconf 90' lang='lat' dir='ltr'><strong>eo</strong></span> <span class='ocrx_word' id='word_1_218' title='bbox 321 2833 352 2894; x_wconf 82' lang='lat' dir='ltr'><strong>b.</strong></span> <span class='ocrx_word' id='word_1_219' title='bbox 364 2834 522 2895; x_wconf 89' lang='lat' dir='ltr'><strong>Antoninus</strong></span> <span class='ocrx_word' id='word_1_220' title='bbox 535 2835 637 2896; x_wconf 87' lang='lat' dir='ltr'><strong>Verus.</strong></span> <span class='ocrx_word' id='word_1_221' title='bbox 661 2833 789 2913; x_wconf 84' lang='lat' dir='ltr'><strong>Tumque</strong></span> <span class='ocrx_word' id='word_1_222' title='bbox 805 2835 924 2911; x_wconf 88' lang='lat' dir='ltr'><strong>primum</strong></span> <span class='ocrx_word' id='word_1_223' title='bbox 935 2832 994 2892; x_wconf 78' lang='lat' dir='ltr'><strong>llo·</strong></span> 
     </span>
     <span class='ocr_line' id='line_1_32' title="bbox 80 2915 994 2998; baseline -0.001 -22"><span class='ocrx_word' id='word_1_224' title='bbox 80 2934 160 2976; x_wconf 88' lang='lat' dir='ltr'><strong>mana</strong></span> <span class='ocrx_word' id='word_1_225' title='bbox 168 2935 214 2976; x_wconf 90' lang='lat' dir='ltr'><strong>res</strong></span> <span class='ocrx_word' id='word_1_226' title='bbox 226 2917 340 2994; x_wconf 88' lang='lat' dir='ltr'><strong>publiea</strong></span> <span class='ocrx_word' id='word_1_227' title='bbox 351 2918 461 2979; x_wconf 89' lang='lat' dir='ltr'><strong>duobus</strong></span> <span class='ocrx_word' id='word_1_228' title='bbox 473 2935 565 2998; x_wconf 87' lang='lat' dir='ltr'><strong>aequo</strong></span> <span class='ocrx_word' id='word_1_229' title='bbox 576 2920 638 2978; x_wconf 88' lang='lat' dir='ltr'><strong>iure</strong></span> <span class='ocrx_word' id='word_1_230' title='bbox 649 2920 796 2998; x_wconf 89' lang='lat' dir='ltr'><strong>imperium</strong></span> <span class='ocrx_word' id='word_1_231' title='bbox 804 2915 994 2978; x_wconf 88' lang='lat' dir='ltr'><strong>administran-</strong></span> 
     </span>
     <span class='ocr_line' id='line_1_33' title="bbox 81 3000 996 3081; baseline -0.001 -22"><span class='ocrx_word' id='word_1_232' title='bbox 81 3000 155 3060; x_wconf 87' lang='lat' dir='ltr'><strong>tibus</strong></span> <span class='ocrx_word' id='word_1_233' title='bbox 167 3003 273 3078; x_wconf 85' lang='lat' dir='ltr'><strong>pamit‚</strong></span> <span class='ocrx_word' id='word_1_234' title='bbox 294 3020 357 3061; x_wconf 87' lang='lat' dir='ltr'><strong>oum</strong></span> <span class='ocrx_word' id='word_1_235' title='bbox 367 3020 459 3081; x_wconf 90' lang='lat' dir='ltr'><strong>usque</strong></span> <span class='ocrx_word' id='word_1_236' title='bbox 473 3001 509 3062; x_wconf 90' lang='lat' dir='ltr'><strong>ad</strong></span> <span class='ocrx_word' id='word_1_237' title='bbox 521 3019 572 3062; x_wconf 89' lang='lat' dir='ltr'><strong>eos</strong></span> <span class='ocrx_word' id='word_1_238' title='bbox 584 3002 713 3080; x_wconf 78' lang='lat' dir='ltr'><strong>singulos</strong></span> <span class='ocrx_word' id='word_1_239' title='bbox 724 3017 839 3079; x_wconf 86' lang='lat' dir='ltr'><strong>semper</strong></span> <span class='ocrx_word' id='word_1_240' title='bbox 849 3000 996 3060; x_wconf 88' lang='lat' dir='ltr'><strong>habuisset</strong></span> 
     </span>
     <span class='ocr_line' id='line_1_34' title="bbox 81 3085 237 3162; baseline 0.013 -20"><span class='ocrx_word' id='word_1_241' title='bbox 81 3085 237 3162; x_wconf 81' lang='lat' dir='ltr'><strong>Augustos.</strong></span> 
     </span>
    </p>

    <p class='ocr_par' dir='ltr' id='par_1_5' title="bbox 82 3166 996 3493">
     <span class='ocr_line' id='line_1_35' title="bbox 146 3166 996 3246; baseline -0.001 -20"><span class='ocrx_word' id='word_1_242' title='bbox 146 3166 231 3227; x_wconf 79' lang='lat' dir='ltr'><strong>cnr.</strong></span> <span class='ocrx_word' id='word_1_243' title='bbox 245 3168 281 3228; x_wconf 90' lang='lat' dir='ltr'><strong>X.</strong></span> <span class='ocrx_word' id='word_1_244' title='bbox 305 3168 339 3228; x_wconf 89' lang='lat' dir='ltr'><strong>Hi</strong></span> <span class='ocrx_word' id='word_1_245' title='bbox 362 3176 390 3228; x_wconf 86' lang='lat' dir='ltr'><strong>et</strong></span> <span class='ocrx_word' id='word_1_246' title='bbox 411 3187 518 3246; x_wconf 85' lang='lat' dir='ltr'><strong>genere</strong></span> <span class='ocrx_word' id='word_1_247' title='bbox 535 3169 608 3228; x_wconf 91' lang='lat' dir='ltr'><strong>iuter</strong></span> <span class='ocrx_word' id='word_1_248' title='bbox 624 3187 657 3229; x_wconf 91' lang='lat' dir='ltr'><strong>se</strong></span> <span class='ocrx_word' id='word_1_249' title='bbox 677 3171 818 3229; x_wconf 82' lang='lat' dir='ltr'><strong>coniuncti</strong></span> <span class='ocrx_word' id='word_1_250' title='bbox 838 3169 951 3228; x_wconf 86' lang='lat' dir='ltr'><strong>fuerunt</strong></span> <span class='ocrx_word' id='word_1_251' title='bbox 968 3176 996 3226; x_wconf 85' lang='lat' dir='ltr'><strong>et</strong></span> 
     </span>
     <span class='ocr_line' id='line_1_36' title="bbox 82 3250 995 3313; baseline -0.002 -3"><span class='ocrx_word' id='word_1_252' title='bbox 82 3251 225 3311; x_wconf 83' lang='lat' dir='ltr'><strong>affinitate.</strong></span> <span class='ocrx_word' id='word_1_253' title='bbox 252 3251 322 3312; x_wconf 88' lang='lat' dir='ltr'><strong>Nam</strong></span> <span class='ocrx_word' id='word_1_254' title='bbox 332 3253 426 3311; x_wconf 85' lang='lat' dir='ltr'><strong>Vems</strong></span> <span class='ocrx_word' id='word_1_255' title='bbox 437 3252 594 3312; x_wconf 79' lang='lat' dir='ltr'><strong>Antoninus</strong></span> <span class='ocrx_word' id='word_1_256' title='bbox 606 3251 645 3313; x_wconf 85' lang='lat' dir='ltr'><strong>bt.</strong></span> <span class='ocrx_word' id='word_1_257' title='bbox 656 3252 789 3312; x_wconf 81' lang='lat' dir='ltr'><strong>Antonini</strong></span> <span class='ocrx_word' id='word_1_258' title='bbox 806 3250 889 3311; x_wconf 87' lang='lat' dir='ltr'><strong>liliam</strong></span> <span class='ocrx_word' id='word_1_259' title='bbox 901 3253 929 3310; x_wconf 93' lang='lat' dir='ltr'><strong>in</strong></span> <span class='ocrx_word' id='word_1_260' title='bbox 940 3268 995 3309; x_wconf 90' lang='lat' dir='ltr'><strong>ma·</strong></span> 
     </span>
     <span class='ocr_line' id='line_1_37' title="bbox 82 3331 996 3414; baseline -0.002 -21"><span class='ocrx_word' id='word_1_261' title='bbox 82 3337 240 3394; x_wconf 90' lang='lat' dir='ltr'><strong>trimonium</strong></span> <span class='ocrx_word' id='word_1_262' title='bbox 257 3335 369 3412; x_wconf 87' lang='lat' dir='ltr'><strong>babuit,</strong></span> <span class='ocrx_word' id='word_1_263' title='bbox 400 3335 439 3395; x_wconf 85' lang='lat' dir='ltr'><strong>II.</strong></span> <span class='ocrx_word' id='word_1_264' title='bbox 458 3345 551 3397; x_wconf 86' lang='lat' dir='ltr'><strong>autem</strong></span> <span class='ocrx_word' id='word_1_265' title='bbox 576 3335 732 3396; x_wconf 83' lang='lat' dir='ltr'><strong>AutonInus</strong></span> <span class='ocrx_word' id='word_1_266' title='bbox 754 3354 843 3414; x_wconf 85' lang='lat' dir='ltr'><strong>gener</strong></span> <span class='ocrx_word' id='word_1_267' title='bbox 862 3331 996 3393; x_wconf 83' lang='lat' dir='ltr'><strong>&#39;Antonini</strong></span> 
     </span>
     <span class='ocr_line' id='line_1_38' title="bbox 82 3417 995 3493; baseline 0 -17"><span class='ocrx_word' id='word_1_268' title='bbox 82 3417 123 3476; x_wconf 87' lang='lat' dir='ltr'><strong>l&#39;ii</strong></span> <span class='ocrx_word' id='word_1_269' title='bbox 142 3419 193 3478; x_wconf 88' lang='lat' dir='ltr'><strong>luit</strong></span> <span class='ocrx_word' id='word_1_270' title='bbox 205 3436 258 3491; x_wconf 88' lang='lat' dir='ltr'><strong>per</strong></span> <span class='ocrx_word' id='word_1_271' title='bbox 269 3436 386 3479; x_wconf 89' lang='lat' dir='ltr'><strong>uxorem</strong></span> <span class='ocrx_word' id='word_1_272' title='bbox 403 3417 542 3480; x_wconf 83' lang='lat' dir='ltr'><strong>Galeriam</strong></span> <span class='ocrx_word' id='word_1_273' title='bbox 557 3418 716 3480; x_wconf 87' lang='lat' dir='ltr'><strong>Faustinam</strong></span> <span class='ocrx_word' id='word_1_274' title='bbox 727 3421 876 3493; x_wconf 88' lang='lat' dir='ltr'><strong>iuniorem,</strong></span> <span class='ocrx_word' id='word_1_275' title='bbox 893 3433 995 3476; x_wconf 89' lang='lat' dir='ltr'><strong>oonso·</strong></span> 
     </span>
    </p>
   </div>
   <div class='ocr_carea' id='block_1_3' title="bbox 0 0 1138 3832">
    <p class='ocr_par' dir='ltr' id='par_1_6' title="bbox 0 0 1138 3832">
     <span class='ocr_line' id='line_1_39' title="bbox 0 0 1138 3832; baseline 0 0"><span class='ocrx_word' id='word_1_276' title='bbox 0 0 1138 3832; x_wconf 95' lang='lat' dir='ltr'><strong> </strong></span> 
     </span>
    </p>
   </div>
  </div>
 </body>
</html>
