2266 3832
422 173 646 231 nuruotit

339 436 730 504 tttttttttuttts

380 640 679 694 ΗΕΗΙΗΙΙΙ.

134 752 156 802 l.
174 753 326 805 Maximinus
337 758 403 808 bello
414 760 683 811 adversuslierruanos
700 761 811 810 feliciter
826 771 912 827 gesto
930 764 1004 814 aPa·

77 821 153 885 meno
169 822 320 874 interficitur.
348 825 375 874 2
392 828 453 878 Tres
468 830 526 879 inrie
538 831 615 880 simui
626 830 748 896 Augusti,
764 829 920 894 Pupienus,
946 832 1003 883 Bal-

78 889 152 938 binus
172 904 196 939 et
215 891 369 947 Gordianus.
393 899 438 959 qni
461 898 512 946 illis
530 899 667 949 interfectis
684 897 755 947 solus
772 899 920 963 imperim
938 903 1002 951 obti-

78 968 128 1009 net.
147 959 248 1023 fanique
264 964 344 1026 portis
359 967 453 1028 apertis
469 966 559 1016 Persas
574 969 658 1017 vindi.
693 963 721 1017 3.
738 965 853 1032 Philippi
872 969 939 1029 (luo,
956 985 1001 1036 pa-

78 1038 116 1075 ter
131 1038 156 1076 et
173 1028 257 1079 iiius.
273 1032 321 1080 sub
338 1033 430 1094 quibus
448 1050 529 1084 annus
545 1036 641 1086 Romae
658 1034 774 1085 conditae
791 1035 945 1087 milesimus
960 1053 1001 1087 ce·

78 1095 187 1145 lebranrs
205 1108 251 1147 ese
285 1098 313 1148 ·i.
329 1099 422 1150 Decius
442 1104 536 1152 bellurn
553 1106 626 1155 civite
648 1105 675 1153 in
692 1102 773 1153 Gallia
790 1111 896 1155 motum
914 1107 1000 1172 oppri-

78 1166 122 1213 mit
146 1178 170 1215 et
194 1182 252 1216 eum
274 1168 340 1221 filio,
367 1168 474 1220 Caesare
493 1172 573 1231 facto,
598 1183 656 1238 post
679 1173 810 1221 biennium
835 1173 998 1225 interficitur.

77 1233 103 1283 5.
122 1233 208 1285 Gallus
232 1236 385 1288 Hostilianus
409 1250 435 1289 et
459 1239 523 1290 Galli
544 1242 611 1291 fliius
628 1241 783 1290 Volusianus
807 1240 876 1290 nihil
892 1244 997 1293 omnino

78 1303 173 1353 clanim
191 1318 332 1371 gesserunt.
365 1305 392 1361 6.
410 1310 544 1360 Aemiliani
561 1312 637 1360 breve
653 1317 679 1358 et
695 1309 832 1358 obscurum
846 1310 997 1377 imperium.

79 1369 184 1423 ἰ’-10.
202 1375 291 1424 Licinii
308 1376 436 1427 t'ateriani
458 1392 483 1427 et
499 1378 605 1428 Gallieni
628 1379 761 1442 imperium
776 1377 821 1427 rei
841 1377 997 1430 infelicitate

78 1444 118 1490 rei
134 1445 235 1507 ignaria
254 1456 355 1509 propter
372 1448 535 1496 barbarorum
552 1449 707 1497 incursiones
721 1446 909 1511 penuriosum.
939 1448 996 1498 Plu·

78 1515 557 1634 i‘ieiisl'lsmmriu'illlnff‘l'lli
569 1516 677 1635 &MN
692 1513 996 1635 latuistis

78 1658 182 1696 mortem
200 1648 317 1698 hnuores.
353 1649 395 1700 12.
415 1651 535 1710 Quintilii,
551 1654 649 1718 egregii
660 1652 796 1717 principis,
811 1651 894 1702 breve
914 1600 995 1720 ἱιιῗρο-

78 1718 151 1765 rium.
191 1713 299 1766 13-15.
317 1720 469 1770 Aurelianus
486 1723 562 1770 vincit
580 1721 683 1779 Gothos,
701 1720 843 1769 Romanam
861 1720 994 1773 ‹lieiouem

78 1786 111 1834 ad
128 1786 247 1849 pristinos
265 1786 326 1836 fines
344 1798 458 1841 revocat.
486 1798 589 1854 superat
605 1789 731 1838 Tetricum
747 1788 775 1838 iu
791 1786 891 1849 Gallia,
911 1790 995 1841 Zeno·

78 1855 145 1904 bium
163 1855 188 1902 iu
206 1852 306 1904 Oriente
323 1859 404 1922 capit.
431 1859 625 1906 monetariorum
649 1859 675 1906 iu
695 1857 758 1906 urbe
779 1856 939 1908 seditionem
954 1875 994 1909 re-

77 1924 170 1988 primit,
187 1932 269 1972 cetera
287 1926 404 1979 crudelis.
443 1923 483 1975 16.
501 1925 589 1985 Taciti,
608 1926 711 1990 egregie
728 1925 827 1984 morati,
846 1925 930 1977 breve
946 1930 992 1978 im·

75 1994 173 2057 perium
190 2007 237 2041 uec
254 1994 395 2044 diuturnius
411 1994 527 2048 Floriani.
565 1990 607 2046 ll.
624 1995 729 2054 Probus,
746 1993 827 2059 gioria
844 1994 955 2046 militari
969 2004 995 2047 et

76 2076 174 2111 morum
192 2062 309 2112 civilitate
327 2065 448 2130 insignis,
475 2063 569 2113 Gallias
591 2079 607 2111 a
624 2063 736 2112 barbaris
759 2070 897 2126 occupatas
915 2067 993 2115 resti-

76 2133 123 2181 tuit
140 2140 165 2181 et
181 2132 310 2182 vinearum
325 2133 569 2182 culturamadinrat.
602 2132 662 2180 Post
684 2132 815 2197 imperium
843 2146 893 2181 sex
909 2147 991 2183 anno·

76 2216 131 2250 rum
154 2201 260 2250 tumultu
282 2202 383 2251 militari
408 2203 558 2251 interficitur.
603 2196 643 2249 18.
662 2197 740 2248 Carus
763 2200 789 2248 iu
812 2199 882 2249 bello
900 2209 993 2251 contra

77 2271 166 2319 Persas
184 2284 304 2335 prospere
319 2278 392 2335 gesto
409 2271 521 2319 fulminis
535 2271 585 2318 ictu
599 2269 673 2333 perit.
708 2268 746 2316 iix
762 2267 829 2326 filiis,
847 2283 915 2331 quos
926 2268 993 2320 Cae-

77 2353 147 2387 sares
166 2337 266 2397 fecerat,
284 2338 466 2396 Numerianus,
489 2345 586 2402 patrem
603 2337 637 2386 ud
654 2336 781 2385 Persicum
799 2335 897 2386 bellum
913 2351 992 2388 seeu-

76 2415 130 2465 tus,
157 2420 202 2470 per
217 2406 322 2455 insidias
339 2406 468 2454 occiditur.
508 2402 549 2457 19.
570 2404 688 2465 Carinus,
706 2405 738 2453 ob
756 2403 851 2453 scelera
877 2405 992 2467 invisus,

75 2474 162 2524 esuis
182 2473 312 2522 descritur.
349 2474 517 2522 Diocletianus
543 2474 574 2522 ulo
592 2475 702 2522 exercitu
720 2475 854 2537 imperator
875 2481 991 2526 meatur.

74 2541 118 2592 to.
138 2542 161 2589 ls
179 2540 267 2591 Carino
287 2556 408 2607 oppresso
425 2556 471 2606 per
487 2541 667 2590 Maximianum
681 2541 832 2600 Hercnllum,
849 2539 991 2593 ansmem

74 2610 250 2669 renuntiatum,
273 2609 446 2659 Bacumlnrum
464 2611 490 2658 in
501 2609 581 2658 Gallia
598 2610 731 2659 tumultum
749 2611 843 2659 domat.
866 2608 989 2663 21—23.

75 2679 209 2731 Coruinius
228 2680 253 2727 in
269 2678 396 2727 Britannia
413 2692 549 2742 purpuram
565 2679 655 2736 sumit,
678 2678 806 2728 achilleus
823 2678 850 2726 in
864 2678 990 2746 Aegypto

74 2748 190 2805 rebellat,
217 2746 328 2797 Africam
346 2746 572 2810 Quinquegentiani
590 2745 723 2806 infestant,
742 2747 867 2806 Narseus,
895 2748 990 2799 Persa-

74 2834 129 2868 rum
145 2833 197 2873 rex,
216 2816 309 2865 Orienti
326 2815 419 2864 beilum
438 2814 525 2869 infert,
546 2813 579 2861 aii
596 2827 660 2873 qraos
679 2822 761 2864 motus
779 2816 990 2880 comprimendos

75 2886 241 2937 Diocletianus
254 2884 432 2934 Maximianum
450 2881 592 2930 Herculium
607 2881 752 2945 Augustum
770 2883 841 2941 facit,
860 2881 989 2936 Constan-

72 2958 133 3006 tium
151 2962 174 3003 ot
194 2952 371 3002 Maximianum
382 2949 508 3000 Galerium
524 2947 653 2998 Caesares.
679 2950 812 3001 Alamanni
828 2966 844 3000 a
860 2950 989 3005 Constan-

72 3026 106 3075 tio
123 3022 267 3074 conduntur.
304 3019 346 3071 24.
367 3018 408 3068 25.
428 3017 542 3067 Galerius
560 3016 727 3068 Maximianus
751 3019 874 3070 Narseum
899 3024 988 3087 primo

72 3097 152 3144 victus
196 3098 235 3140 ost
256 3105 347 3156 muguu
366 3087 436 3137 clude
453 3085 538 3135 aflicit.
571 3084 648 3133 Varia
663 3086 782 3154 deinceps
808 3095 832 3136 et
855 3090 935 3139 simul
961 3103 989 3143 et

72 3106 215 3227 singulatYm
232 3158 296 3209 holin
314 3163 410 3224 gemnt,
429 3162 453 3202 et
462 3151 565 3218 Carpos,
584 3152 717 3203 Basternas
736 3164 760 3204 ct
776 3154 903 3206 Sarmatam
923 3163 987 3213 sub.

73 3236 151 3298 ignat.
182 3226 302 3281 ‘tu-ua.
329 3222 474 3275 Diocletiani
493 3229 518 3269 et
534 3219 680 3270 llarimiani
697 3222 820 3283 Herculii,
847 3227 891 3287 qui
906 3231 987 3281 ambo

73 3301 186 3367 ‹iuposito
206 3296 308 3363 tnrpntn
326 3296 349 3344 in
369 3293 490 3359 privatam
506 3289 583 3338 vitum
603 3301 785 3351 concessemut,
805 3307 888 3343 mores
904 3304 931 3346 et
947 3300 987 3349 in·

73 3372 182 3437 genium.
