2266 3832
242 244 450 305 HISTORIAE
469 244 661 305 ROMANAE
683 245 724 317 ll,
746 254 789 307 55·
802 252 846 307 56.
992 245 1034 307 49

53 400 149 461 tides:
171 398 286 473 quippe
308 413 376 457 cum
392 396 562 456 venientem
583 412 652 457 euni
671 402 843 457 tentassent
863 396 983 457 insidiis
999 414 1035 457 ac

52 483 167 543 deinde
179 481 260 541 bello
276 483 432 540 incessere
446 480 607 553 auderent,
630 477 750 554 utrique
764 495 882 539 summo
905 480 1034 555 impera·

53 575 154 627 torum
167 566 251 625 alteri
267 566 404 641 [mortum
419 566 517 640 atem]
529 562 814 637 superstitimeritas
827 564 1036 637 poenasluere

55 649 226 725 suppliciis.
262 648 420 722 Nusquam
435 654 500 707 erat
510 645 674 721 Pompeius
689 662 836 721 corpore,
853 646 955 706 adhuc
970 646 1064 714 ubi-2

55 750 117 809 que
137 732 260 791 vivebat
279 730 418 792 nomine:
440 731 556 805 quippe
576 729 683 802 iugens
710 730 839 803 partium
861 730 927 789 eius
949 730 1036 790 favor

54 817 169 877 bellum
194 817 382 875 excitaverat
402 814 556 885 Africum,
589 814 674 886 quod
700 813 799 874 ciebat
822 827 879 871 rex
902 813 978 873 Iuba
1007 822 1037 873 et

55 898 178 975 Scipio,
194 899 240 958 vir
248 900 433 969 consularis,
450 896 779 971 aniebienniumquam
793 896 1037 981 exstingueretur

55 982 235 1057 Pompeius,
259 985 355 1042 lectus
370 982 409 1040 ab
424 997 461 1040 eo
478 996 582 1051 socer,
604 996 772 1053 eorumque
788 979 894 1054 copias
910 986 1037 1040 auxerat

54 1066 96 1127 Μ.
105 1064 375 1139 Catoingenticum
390 1063 567 1123 difficultate
581 1063 1037 1138 itinerumiocorumqueinopia

57 1149 214 1225 perductis
230 1150 269 1208 ad
285 1164 340 1208 eos
356 1147 542 1221 legionibus3
566 1147 618 1220 qui
632 1148 693 1219 vir,
716 1161 784 1205 cunr
804 1163 955 1207 summum
969 1148 997 1207 ei
1018 1163 1037 1206 a

57 1232 201 1292 militibus
216 1232 384 1291 deterretur
399 1229 572 1305 imperium,
594 1229 780 1290 honoratiori
799 1245 908 1303 parere
922 1231 1035 1291 maluit.

143 1314 206 1373 LV.
247 1316 401 1374 Admonet
426 1313 598 1387 promissae
622 1312 779 1372 brevitatis
804 1312 898 1385 fides,
923 1321 1062 1387 quantor

57 1399 161 1459 omnia
174 1406 353 1458 transcursu
369 1397 499 1456 dicenda
520 1396 589 1455 sint.
620 1394 761 1470 Sequens
783 1396 934 1455 fortunam
949 1413 1037 1455 suam

58 1481 174 1541 Caesar
190 1489 353 1556 pervectus
375 1482 404 1538 in
420 1481 556 1539 Africam
572 1487 633 1550 est,
656 1495 747 1552 quam
770 1478 875 1539 occiso
897 1478 1036 1552 Curione,

57 1566 241 1625 Iulianarum
250 1566 327 1624 duce
339 1564 478 1639 partium,
491 1561 667 1637 Pompeiani
680 1562 857 1622 obtinebant
867 1564 1036 1623 exercitus:
1068 1615 1072 1623 .

57 1647 101 1707 ibi
116 1650 212 1724 primo
229 1649 313 1706 varia
328 1650 463 1717 lortuna,
479 1662 551 1706 mox
567 1646 712 1720 pugnavit
726 1662 797 1717 sua,
813 1644 1037 1721 inclinatusque

57 1730 191 1791 hostium
207 1730 331 1805 copiae;
352 1746 410 1790 nec
427 1730 583 1789 dissimilis
605 1729 645 1787 ibi
661 1730 810 1789 adversus
831 1729 929 1790 victos
946 1746 1036 1804 quarn

59 1813 89 1873 in
105 1816 226 1889 priores
242 1814 399 1874 clementia
412 1814 554 1873 Caesaris
571 1814 634 1873 luit.
655 1815 811 1874 Victorem
818 1814 954 1873 Africani
965 1814 1065 1877 belna

58 1900 117 1976 [0.]
127 1899 287 1957 Caesarem
300 1898 425 1972 gravius
438 1895 868 1971 excepitHispaniense‚(nam
884 1898 982 1957 victus
998 1897 1036 1955 ab

58 1996 96 2040 eo
112 1980 286 2038 Pharnaces
305 1981 359 2037 vix
374 1980 536 2052 quicquam
557 1979 672 2051 gloriae
687 1979 753 2038 eius
769 1980 932 2047 adstruxit)
953 1981 1037 2051 quod

58 2064 113 2123 Cn.
129 2062 307 2135 Pompeius,
323 2061 424 2133 Magni
439 2061 535 2133 filins,
557 2061 740 2119 adulescens
757 2061 886 2134 impetus
901 2062 941 2119 ad
959 2062 1038 2120 bella

58 2143 198 2215 maximi,
221 2145 328 2218 ingens
347 2160 384 2202 ac
399 2142 531 2203 terribile
552 2141 739 2204 conflaverat
757 2145 893 2217 undique
914 2146 953 2203 ad
968 2161 1037 2204 eum

58 2228 161 2289 adhuc
177 2228 294 2302 paterni
309 2228 440 2287 nominis
456 2225 691 2299 magnitudinem
708 2227 899 2301 sequentium
920 2243 958 2285 ex
973 2234 1037 2288 toto

64 2313 136 2373 erbe
160 2319 308 2370 terrarum
333 2310 453 2369 auxiliis
480 2309 714 2369 confluentibus.
748 2310 811 2370 Sua
826 2310 986 2369 Caesarem
1008 2312 1065 2374 in3

60 2392 238 2469 Hispaniam
252 2396 392 2454 comitata
408 2396 528 2453 fortuna
539 2401 600 2466 est,
616 2395 673 2453 sed
688 2395 802 2453 nullum
812 2409 945 2468 unquam
958 2400 1037 2454 atro-

61 2479 127 2538 cius
144 2479 409 2553 periculosiusque
424 2479 511 2537 abeo
528 2478 630 2537 initum
647 2478 810 2551 proelium,
826 2478 905 2537 adeo
922 2478 1037 2553 utplus

61 2578 153 2635 quam
169 2560 262 2621 dubio
280 2562 376 2620 Marte
392 2562 593 2621 descenderet
613 2578 694 2635 equo
716 2563 952 2635 consistensque
968 2568 1038 2621 ante

60 2646 254 2704 recedentem
276 2662 400 2704 suorum
422 2645 518 2704 aciem
532 2644 679 2720 increpita
695 2647 779 2720 prius
795 2648 930 2718 fortuna,
954 2647 1036 2719 rqrrod

61 2744 97 2787 se
112 2728 141 2787 in
158 2744 227 2787 eum
242 2736 399 2787 servasset
409 2728 538 2799 exitum,
553 2729 895 2789 denuntiaretmilitibus
906 2730 1037 2803 vestigio

62 2827 172 2873 senon
187 2827 398 2879 recessurum3
414 2811 543 2884 proinde
559 2810 710 2878 viderent,
733 2829 823 2885 quem
839 2819 870 2871 et
890 2828 951 2885 quo
968 2813 1036 2871 loco

61 2896 275 2969 imperatorem
297 2894 446 2954 deserturi
469 2895 576 2952 forent.
603 2894 798 2953 Verecundia
824 2895 921 2967 magis
947 2912 1067 2967 quamq

61 2976 172 3037 virtute
187 2980 270 3037 acies
286 2980 423 3038 restituta
438 2985 467 3036 et
482 2992 498 3034 a
514 2977 592 3034 duce
609 2992 699 3048 (laram
714 2975 835 3035 amilite
851 2977 969 3035 lortius.
985 2977 1036 3035 Cn.

61 3060 240 3135 Pompeius,
256 3063 358 3136 gravis
375 3062 499 3120 vulnere
511 3061 652 3117 inventus
668 3060 744 3120 inter
755 3058 936 3119 solitudines
950 3059 1037 3118 avias

61 3145 260 3219 interemptus
276 3154 338 3214 cst;
354 3146 518 3204 Labienum
533 3144 709 3217 varumque
724 3145 806 3203 acies
823 3142 954 3202 abstulit.

145 3228 220 3287 LVl.
243 3229 355 3288 Caesar
367 3228 499 3287 omnium
507 3227 603 3285 victor
612 3242 772 3300 regressus
785 3227 814 3286 in
826 3227 941 3299 urbem,
955 3226 1038 3300 (prod
1051 3239 1065 3291 1

62 3311 225 3371 humanam
240 3312 371 3371 excedat
386 3312 492 3377 sidem,
519 3310 659 3370 omnihus
686 3313 737 3385 qui
763 3318 869 3371 contra
892 3326 927 3369 se
953 3325 1037 3367 arma

61 3396 207 3463 tulerant,
224 3393 339 3468 ignovit
350 3400 380 3451 et
391 3392 700 3467 magnificentissimis
710 3393 881 3468 gladiatorii
892 3392 1037 3465 muneris,

60 3476 260 3537 naumachiae
275 3484 305 3536 et
319 3478 453 3552 equitum
469 3478 681 3551 peditumque,
704 3480 790 3538 sinurl
806 3477 1039 3551 elephantorum

102 3562 224 3619 anmu.
243 3560 373 3619 Parrus.
854 3568 872 3619 t
