2266 3832
82 192 110 234 Ν

79 346 158 413 sunt,
180 354 263 415 quae,
283 334 388 394 idoneo
405 334 531 394 adhibito
548 336 714 412 interprete,
736 336 847 396 facilem
860 346 888 394 et
899 355 980 414 prom

78 437 297 498 tamleetionem
312 434 431 494 reddere
450 437 569 512 possint.
602 433 635 494 ld
654 453 670 494 a
687 436 769 495 nobis
790 437 892 496 laetum
913 456 992 515 esse,

78 539 195 598 docebit
222 539 322 616 partim
353 538 487 595 orationis
514 538 605 614 ipsius
637 537 794 596 accuratior
820 536 992 617 exploratio,

78 642 193 718 partim,
211 635 346 718 quioquid
358 646 485 696 notarum
499 634 534 694 ad
550 635 632 694 linem
647 635 711 695 libri
727 640 908 714 aspersimus.
931 638 992 700 bla-

76 744 152 800 xime
169 750 261 800 nutem
278 742 369 798 seouti
386 756 481 796 sumus
494 735 649 796 'laebuclsii
668 736 821 797 editionem
840 741 992 808 minorem:

78 860 114 900 ex
127 841 239 920 reliquo
252 848 398 918 apparatu,
415 856 500 916 quem
511 853 567 896 non
578 837 743 916 neglexisse
757 841 840 899 nobis
852 841 991 918 videmur,

78 951 219 1019 exeepto,
243 957 300 1019 quo
319 957 410 1017 nuper
423 957 460 997 ex
469 937 634 998 llonaeensi
648 938 750 998 eodioe
765 942 854 1017 petito
870 944 909 1000 uti
920 959 992 1003 non·

77 1042 142 1102 dum
164 1043 298 1119 contigit,
327 1039 471 1115 duximus,
506 1057 693 1118 quaeeunque
715 1042 825 1117 potiora
849 1045 992 1105 existima·

77 1152 181 1203 rentur.

137 1243 214 1302 Vixit
229 1250 321 1301 autem
335 1277 371 1286 -
384 1259 447 1300 nam
465 1240 501 1299 de
518 1240 575 1300 hoe
592 1242 676 1301 etiam
688 1243 921 1321 praedicendum,
948 1253 990 1320 ut,

77 1346 179 1423 quibus
201 1343 340 1403 destinata
365 1351 409 1402 est
435 1360 536 1422 opera,
559 1346 694 1421 habeant,
730 1363 803 1424 quae
826 1344 991 1405 desiderare

77 1447 187 1523 possint
203 1481 245 1490 -
262 1444 416 1523 Eutropius
439 1445 538 1503 seeulo
567 1454 633 1523 post
651 1443 792 1504 christum
818 1453 917 1523 quarto
940 1465 992 1505 ex·

76 1554 175 1619 eunte,
207 1543 350 1622 ediditque
374 1544 557 1619 breuiarium,
585 1543 662 1623 quod
684 1546 727 1602 sui
748 1545 885 1620 temporis
909 1560 991 1604 more

75 1643 160 1719 dixit,
184 1643 237 1702 sub
248 1641 423 1720 imperatore
437 1642 567 1703 Valente.
606 1643 661 1716 Qui
678 1645 771 1720 ipsum
783 1660 886 1703 nomen
897 1648 990 1723 magis

75 1753 244 1823 sequmtur,
271 1759 354 1820 quam
364 1750 522 1819 temporum
533 1760 684 1820 rerumque
694 1744 834 1819 rationes,
859 1744 943 1807 iaeile
960 1748 990 1805 in

75 1863 158 1904 unum
174 1844 316 1903 hominem
333 1852 556 1920 congesserunt,
580 1860 767 1922 quaecunque
785 1842 821 1902 de
840 1842 988 1922 Eutropiis

76 1953 174 2024 quarto
196 1944 352 2022 quintoque
373 1941 471 2002 seoulo
499 1952 643 2020 comperta
666 1951 743 2020 sunt,
765 1942 839 2004 nude
860 1946 928 2004 mira
951 1945 988 2004 de

75 2048 141 2120 vita,
158 2043 299 2119 moribus,
322 2045 420 2120 iaetis,
448 2052 477 2103 et
487 2045 581 2122 annis,
605 2060 679 2123 quos
695 2043 858 2122 explevisse
874 2045 986 2122 dieitur,

74 2145 226 2205 discordia.
262 2145 300 2206 Ut
316 2146 463 2224 explorata
478 2145 514 2205 de
526 2162 561 2205 eo
579 2145 729 2206 admodum
748 2162 837 2221 pauca
851 2145 906 2203 diei
920 2163 987 2220 pos·

74 2255 147 2306 sunt.
172 2245 306 2322 Constat,
334 2248 424 2306 fuisse
444 2254 571 2305 nostrum
595 2247 764 2322 scriptorem
789 2243 985 2318 Constantino,

74 2347 121 2425 qui
131 2344 250 2423 Magnus
266 2346 369 2422 fertur,
390 2346 425 2404 ab
442 2345 590 2421 epistolis,
613 2343 690 2421 quod
704 2360 834 2419 magnum
851 2349 917 2400 tunc
933 2341 986 2402 luit

74 2446 214 2521 oliieium,
250 2462 335 2522 quum
350 2446 402 2503 uiri
422 2443 523 2503 eruditi
547 2443 583 2503 ad
601 2442 692 2502 aulam
711 2441 838 2502 adhiberi
862 2441 985 2502 nondum

73 2547 236 2621 desiissent,
253 2553 353 2623 postea
363 2542 462 2603 luliani
477 2544 650 2622 expeditioni
669 2552 766 2603 eontra
780 2541 881 2602 Persas
899 2544 983 2602 inter-

73 2648 181 2722 fuisse,
205 2655 234 2705 ut
259 2647 323 2723 ipse
342 2643 677 2722 tholosantibus,
703 2644 857 2721 scripsisse
879 2656 983 2719 autem,

73 2764 157 2826 quum
168 2747 298 2824 graviora
312 2761 401 2822 opera
415 2744 524 2823 negligi
540 2744 721 2823 coepissent,
744 2762 930 2826 quaeeunque
948 2747 983 2808 ad

73 2846 211 2907 Caesares
224 2864 321 2924 pamm
336 2843 461 2906 eruditos
473 2844 509 2905 de
520 2863 626 2907 summa
636 2863 729 2905 rerum
740 2845 926 2908 Romanarum
942 2849 982 2905 ln-

72 2946 221 3008 struendos
234 2947 335 3007 idonea
346 2945 517 3008 viderentur.
541 2947 728 3010 Christianum
739 2965 802 3009 eum
815 2949 893 3009 multi
905 2950 982 3008 leoe-

71 3058 144 3124 runt,
157 3049 231 3126 ipse,
252 3049 378 3126 quamvis
395 3055 507 3124 cautus,
528 3065 581 3108 nos
595 3050 686 3110 omniu
699 3049 752 3110 alia
768 3049 804 3109 de
821 3068 854 3110 se
873 3051 983 3126 opinari

73 3149 160 3209 iubet.
190 3147 323 3209 Edidisse
338 3149 464 3225 uidetur,
488 3157 619 3228 quantum
636 3167 673 3209 ex
688 3150 808 3210 hominis
825 3149 939 3226 iugenio
955 3159 983 3208 et

71 3249 190 3310 aliomm
198 3249 365 3309 testimoniis
376 3250 505 3327 augurari
519 3248 597 3324 lieet,
606 3248 696 3326 plura,
710 3250 982 3328 quamexoommuni

76 3346 213 3411 iterarum
224 3349 370 3427 naufragio
382 3348 417 3410 ad
427 3365 479 3409 nos
492 3357 603 3408 servata
612 3357 685 3408 sunt.
708 3349 892 3428 breviarium,
906 3347 982 3429 quod
