2266 3832
96 208 132 270 16
475 218 731 267 nvonnurnnu

90 394 179 437 mum
201 392 333 435 censum
353 370 430 454 egit.
481 368 613 433 Priscus
634 368 847 456 Tarquinius,
877 370 935 457 qui
963 368 1098 454 insigni·

91 456 153 520 bus
173 455 380 538 magistratus
396 453 578 517 adornavit.
622 451 819 538 Tarquinius
836 450 1023 536 Superbus,
1043 452 1098 539 qui

91 540 134 602 ob
156 540 289 602 nimiam
310 536 494 623 superbiam
512 558 613 621 regno
629 535 742 622 pulsus
765 544 826 598 est.

192 724 320 788 XVIII.
374 719 810 886 CLARI}SOIIIqIIVMDVCES
840 721 984 786 ROMA·

673 869 681 884 .
1108 842 1120 883 s

67 988 80 1037 1
176 960 313 1040 Brutus,
336 960 391 1044 qui
412 979 471 1042 pro
493 955 643 1020 libertate
664 956 797 1044 publica
817 954 937 1020 liberos
954 977 1033 1023 suos
1050 960 1099 1023 in·

66 1044 228 1117 rterfecit.
272 1041 422 1106 Valerius
444 1038 628 1120 Publicola,
683 1042 718 1103 ui
742 1047 875 1125 propter
900 1039 1041 1105 eandem
1062 1042 1098 1105 li·

90 1132 249 1195 bertatem
269 1125 426 1189 adversus
448 1123 644 1209 Tarquinios
662 1063 787 1187 bellum
807 1124 971 1186 exercuit:
1011 1125 1098 1189 idem

65 1216 142 1282 aius
164 1210 323 1274 libertatis
344 1209 451 1273 dando
464 1208 619 1292 populum
636 1207 813 1292 ampliavit.
857 1205 1002 1271 Manlius
1017 1207 1097 1273 Tor-

113 1305 223 1375 uatus,
257 1295 313 1379 qui
340 1293 382 1356 ad
408 1289 659 1356 confirmandam
685 1299 864 1354 castrorum
886 1288 1095 1376 disciplinam
1104 1311 1128 1355 u

64 1320 195 1444 adlium
218 1400 310 1441 suum
337 1376 509 1439 interfecit.
558 1372 729 1452 Quinctius
757 1371 970 1437 Cincinnatus
1001 1373 1097 1475 [item

65 1460 279 1549 aSerranus],
309 1461 361 1524 cui
383 1460 488 1523 aranti
507 1457 667 1521 dictatura
688 1456 795 1520 delata
821 1465 880 1520 est.
927 1455 1096 1540 Camillus,

90 1548 146 1632 qui
175 1544 337 1609 Senonum
365 1553 462 1627 gente
490 1540 596 1604 deleta
628 1538 817 1627 [Gallorum]
852 1541 1023 1606 incensam
1054 1541 1096 1607 ab

61 1632 137 1693 ocis
165 1626 278 1690 urbem
312 1628 462 1689 restituit.
518 1624 614 1686 Fabii
642 1623 721 1704 duo,
757 1644 893 1709 quorum
920 1624 1005 1688 alter
1031 1647 1096 1689 una

88 1732 199 1796 pugna
223 1709 395 1788 Etruscos,
427 1707 588 1770 Samnitas
594 1756 602 1786 ,
638 1707 779 1772 Umbros
809 1705 987 1793 Gallosque
1022 1709 1124 1774 subu

89 1795 171 1877 egit,
200 1791 368 1855 libertinos
399 1788 585 1854 etribubus
612 1812 710 1876 rcpur
732 1791 801 1853 avit
821 1789 960 1876 ideoque
988 1792 1093 1856 Maxi·

87 1897 157 1940 mus
181 1876 442 1958 cognominatus:
464 1874 546 1936 alter
563 1874 685 1937 Fabius
733 1871 898 1937 unibalem
918 1895 1012 1938 mora
1031 1874 1093 1939 fre·

62 1969 151 2109 squ,
181 1980 222 2022 cx
251 1979 313 2104 quo
344 1957 520 2022 Cunctator
550 1967 598 2020 est
631 1959 919 2057 cognominatus..
940 1957 1092 2043 Papirius

117 2064 227 2106 ursor:
279 2043 309 2104 ic
335 2040 509 2122 Samnites,
540 2042 596 2127 qui
616 2041 778 2105 Romanos
809 2038 868 2103 sub
897 2062 1010 2124 rugum
1036 2063 1092 2128 pu·

88 2125 217 2209 gnando
246 2126 413 2205 miserant,
448 2126 551 2188 victos
580 2125 757 2207 ignominia
777 2126 849 2210 pari
869 2124 992 2191 adfecit
1020 2136 1054 2191 et
1073 2146 1121 2194 aa

61 2209 259 2276 &velocitate
274 2209 395 2273 Cursor
406 2219 455 2272 est
466 2207 656 2293 appellatus.
680 2207 812 2289 Curius,
824 2230 898 2272 cum
908 2210 942 2272 in
957 2210 1032 2276 foco
1044 2232 1092 2273 ra

85 2314 143 2377 pas
157 2301 308 2372 torreret,
324 2301 429 2371 leuatis
439 2297 613 2355 Samnitium
624 2313 732 2356 aarum
746 2292 956 2357 offerentibus
970 2294 1091 2375 ‘mala’

86 2377 205 2460 inquit,
236 2376 289 2436 ‘in
310 2375 463 2439 fictilibus
497 2375 577 2437 meis
603 2397 666 2439 esse
694 2385 725 2438 et
757 2397 870 2439 aurum
896 2376 1092 2442 habentibus

58 2461 268 2542 oirnpcrarc!
312 2458 482 2521 Fabricius
508 2457 697 2539 Luscinius,
731 2460 786 2544 qui
814 2459 1003 2525 Cornelium
1027 2460 1092 2525 Ru·

86 2541 186 2603 linum
211 2542 415 2604 consularem
440 2542 546 2604 virum
575 2552 688 2605 senatu
715 2545 850 2623 amovit,
880 2542 1031 2608 luxuriae
1060 2551 1122 2607 etas

86 2625 241 2689 avaritiae
264 2623 464 2704 damnatum,
494 2626 581 2709 quod
603 2625 715 2689 decem
735 2626 843 2711 pondo
866 2628 994 2710 argenti
1020 2649 1093 2713 pos·

48 2728 78 2773 to
88 2708 217 2771 siderei.
265 2706 421 2771 Claudius
442 2708 631 2790 Marcellus,
666 2711 721 2795 qui
744 2709 941 2773 Annibalem
967 2713 1092 2796 primus

87 2794 120 2855 in
151 2791 329 2878 Campania
360 2792 483 2876 proelio
512 2793 591 2856 vicit
623 2793 773 2878 idemque
803 2793 912 2856 docuit
942 2795 978 2856 in
1004 2793 1092 2858 bellu

47 2894 73 2941 ιι
89 2875 246 2961 quomodo
273 2876 395 2961 equites
425 2876 494 2939 sine
517 2875 595 2959 fuga
618 2876 779 2941 cederent.
825 2874 992 2963 Scipiones
1018 2878 1091 2957 dno,

86 2980 220 3045 quorum
248 2958 329 3022 alter
352 2960 440 3106 prior
467 2959 656 3040 Africanus,
692 2961 747 3046 qui
774 2959 970 3024 Annibalem
993 2970 1026 3024 et
1055 2962 1123 3023 inu

87 3065 124 3107 co
146 3042 292 3106 Africam
315 3041 355 3105 de
381 3042 507 3123 ellavit3
539 3043 621 3107 altor
643 3044 751 3129 Scipio
780 3051 891 3125 minor,
923 3043 1093 3107 Numanti·

87 3148 146 3191 nus
153 3175 161 3207 ,
185 3127 240 3213 qui
261 3124 492 3208 Carthaginem
518 3136 550 3189 ct
568 3126 774 3190 Numantiam
798 3127 955 3192 diruendo
975 3128 1011 3190 in
1030 3127 1093 3191 hae

51 3230 78 3277 :u
92 3210 249 3291 Africum,
284 3209 319 3272 in
350 3207 407 3272 illa
428 3209 623 3294 Hispaniam
654 3210 763 3294 fregit.
809 3209 965 3274 Claudius
991 3209 1091 3291 Nero,

109 3295 143 3357 ui
156 3293 319 3357 Annibale
341 3294 375 3355 ln
389 3291 510 3392 Apulia
531 3293 642 3358 relicto
664 3294 848 3357 venientem
867 3293 909 3358 ab
928 3293 1099 3379 Hispania

86 3318 303 3442 Asdrubalem
325 3387 453 3461 excepit
473 3378 645 3461 copiasonn
669 3379 737 3440 eius
761 3398 827 3439 uno
847 3377 900 3440 die
923 3386 1001 3462 aput
1020 3376 1122 3443 lle-u

85 3471 214 3524 taurum
235 3460 354 3525 flumen
376 3460 511 3522 devicit·
544 3464 595 3511 ‘riri
643 3462 660 3515 ,ι’
684 3482 717 3506 μ
745 3481 810 3506 ‘um
843 3458 1000 3524 Anrsilrale
1019 3462 1090 3523 iun.
