2266 3832
424 219 558 275 LIBER
586 221 616 277 ll.
933 216 973 279 ll

61 390 126 458 tus,
150 381 293 446 corvusei
307 396 392 457 supra
403 380 528 439 dextrum
539 382 683 442 brachium
700 380 783 442 sedit.
812 379 880 441 ldox
897 398 974 440 conr·

62 467 149 525 missa
160 462 296 524 adversus
309 460 418 522 Gallum
433 481 528 541 pugna
540 464 614 524 idem
631 472 744 523 oorrus'
754 464 807 523 alls
829 472 858 523 ot
873 467 973 542 ungui-

62 549 117 608 bus
129 545 200 607 Galli
217 546 317 606 oculos
328 547 502 622 verberavit,
526 567 562 607 ne
579 557 686 608 rectum
698 557 798 624 posset
814 548 973 624 adspicere.

13 681 19 692 .
61 631 105 692 lta
121 649 138 691 a
154 630 265 690 tribuno
277 630 391 689 Valerio
410 631 576 690 interfectus
593 649 649 691 non
666 630 757 690 solum
772 632 919 690 victoriam
935 633 972 707 ei,

63 715 116 776 sed
129 717 211 773 etiam
222 731 326 774 nornen
338 713 432 776 dedit„
454 713 524 773 Nam
537 723 637 792 postea
651 713 726 774 idem
738 712 849 773 Corvus
868 723 912 772 est
934 713 974 772 di·

62 807 135 859 ctus.
163 795 207 857 Ao
224 807 342 875 propter
357 797 414 856 hoo
432 799 559 857 meritum
578 815 711 858 annorum
729 799 811 857 trium
831 806 860 856 et
875 798 974 874 viginti

62 880 163 942 consul
176 890 220 940 est
232 881 333 940 lactus.

130 964 215 1026 Gar.
226 962 288 1026 1111,
310 963 409 1040 Latini,
423 965 470 1042 qui
481 963 627 1024 noluerant
638 963 741 1023 milites
750 963 827 1040 dare,
840 965 972 1041 hocquo·
986 977 1039 1020 nu.

62 1066 146 1127 quea
161 1047 294 1107 Romanis
307 1048 424 1124 exigere
437 1056 608 1125 coeperunt,
632 1057 661 1108 ut
672 1066 744 1107 unus
756 1047 855 1107 consul
872 1064 909 1106 ex
923 1064 971 1106 eo·
984 1044 1029 1088 ⁴¹⁶·

61 1150 138 1208 rum,
158 1130 229 1191 altor
246 1148 282 1191 ex
299 1130 487 1190 Romanorum
507 1130 615 1208 populo
634 1139 785 1192 crearetur.
814 1130 898 1203 Quod
911 1148 973 1189 cnm

63 1224 141 1275 esset
152 1223 299 1292 negatum,
317 1213 422 1273 bellum
438 1223 536 1273 contra
552 1231 604 1273 eos
624 1223 788 1292 susceptum
804 1223 865 1290 est,
889 1223 917 1273 et
931 1214 972 1273 in·

61 1299 140 1376 genti
160 1315 254 1375 pugna
274 1298 398 1374 superati
416 1306 499 1363 sunt:
525 1315 559 1355 ao
576 1296 612 1356 de
629 1298 673 1357 lais
693 1296 859 1372 perdomitis
878 1299 973 1355 trium·

63 1383 176 1460 phatum
187 1389 240 1438 est.
274 1380 388 1439 Statuae
403 1379 567 1438 consulibus
586 1381 623 1440 ob
641 1382 769 1439 meritum
786 1381 924 1439 victoriae
944 1381 972 1439 in
986 1388 1041 1430 au.

45 1534 49 1539 ⁴
62 1465 174 1526 Rostris
187 1465 298 1540 positae
317 1471 389 1525 sunt.
426 1461 480 1540 [Eo
492 1480 565 1522 anno
577 1466 660 1523 etiam
672 1461 842 1523 Alexandria
860 1464 895 1523 ab
906 1461 972 1521 Ale·
985 1457 1031 1498 ⁴¹⁷·

63 1547 169 1612 xandro
180 1546 338 1606 Macedone
352 1545 464 1606 condita
479 1556 532 1607 est.

122 1627 293 1695 Canvssl.
316 1629 373 1690 lam
381 1630 498 1690 Romani
506 1638 639 1707 potentes
648 1637 887 1707 esseooeperunt.
910 1628 975 1686 Bel·

63 1714 120 1774 lum
134 1716 249 1775 enimin
262 1716 417 1774 centesimo
430 1724 458 1773 et
468 1716 615 1773 tricesimo·
628 1714 689 1773 lere
699 1715 819 1773 miliario
839 1711 913 1790 apud
925 1711 975 1770 Sa·

62 1801 161 1858 mnitas
173 1798 339 1876 gerebatur,
363 1798 410 1875 qui
427 1797 511 1856 medii
533 1806 596 1855 sunt
616 1798 688 1856 inter
699 1797 842 1870 Picenum,
857 1794 973 1872 Campa·

61 1885 144 1956 niam,
158 1891 185 1940 et
196 1880 336 1958 Apuliam.
364 1878 394 1942 t.
407 1879 533 1958 Papirios
546 1880 652 1940 Cursor
664 1898 726 1939 cunr
736 1881 845 1947 honore
856 1878 973 1937 dictato·
986 1894 1042 1937 au.

62 1968 100 2025 ris
112 1964 148 2024 ad
166 1964 194 2023 id
206 1964 311 2023 bellurn
324 1963 470 2041 proiectus
485 1972 537 2023 est.
565 1963 620 2036 Qui
633 1981 695 2022 cunr
706 1963 824 2022 Romam
839 1961 972 2037 redisset,
984 1961 1031 2004 ⁴³⁰·

63 2048 99 2120 Q.
111 2047 199 2107 Fabio
211 2045 350 2121 Maximo,
366 2048 501 2122 magistro
514 2049 656 2123 equitum,
678 2064 762 2123 quem
776 2045 850 2122 apud
866 2045 975 2103 exerci-

61 2140 120 2189 tum
130 2129 254 2205 reliquit,
267 2129 424 2206 praecepit,
437 2146 473 2187 ne
485 2145 518 2186 se
530 2130 647 2187 absente
657 2138 803 2205 pugnaret.
826 2127 879 2186 llle
891 2144 975 2186 occa·

62 2215 143 2272 aione
165 2220 278 2288 reperta
301 2211 467 2271 felicissime
489 2210 631 2270 dimicavit
651 2219 679 2270 et
697 2212 834 2270 Samnitas
859 2209 974 2268 delevit.

63 2297 107 2357 Ob
119 2314 200 2375 quam
212 2313 271 2356 rem
283 2315 300 2355 a
310 2295 448 2355 dictatore
460 2295 560 2372 capitis
568 2294 721 2371 damnatus,
735 2293 812 2372 quod
823 2300 976 2352 sevetante

62 2388 228 2459 pugnasset,
247 2380 353 2457 ingenti
368 2378 466 2438 lavore
478 2377 593 2438 militum
611 2387 640 2438 et
656 2377 753 2455 populi
768 2377 902 2437 liberatus
919 2384 973 2452 est,

61 2473 137 2524 tanta
154 2462 267 2541 Papirio
287 2463 426 2522 seditione
446 2472 601 2539 commota,
625 2471 655 2521 ut
674 2479 766 2539 paene
784 2463 848 2540 ipse
871 2460 974 2519 interti-

62 2556 183 2610 conetur.

124 2631 175 2691 (ia
184 2649 211 2689 Ρ.
224 2627 273 2690 tx.
296 2627 400 2689 Postea
412 2630 550 2689 Samnites
562 2627 705 2688 Romanos
716 2627 747 2689 Τ.
757 2627 875 2687 Veturio
887 2635 915 2685 et
922 2626 972 2703 Sp.
985 2643 1041 2684 nu.

61 2712 205 2772 Postumio
218 2728 294 2775 coss.
307 2713 381 2790 apud
393 2712 529 2772 Furculas
540 2709 680 2772 Caudinas
692 2713 828 2789 angustiis
845 2710 972 2768 locorum
983 2709 1030 2752 ⁴³³

63 2795 215 2855 conclusos
232 2798 340 2873 ingenti
355 2795 499 2855 dedecore
515 2797 644 2854 vicerunt
660 2804 689 2854 et
707 2795 758 2853 sub
776 2796 872 2871 iugum
889 2793 972 2850 mise·

61 2888 134 2942 runt.
160 2877 217 2938 Pax
228 2887 320 2938 tamon
331 2897 347 2938 a
359 2889 457 2939 senatu
470 2888 498 2938 et
510 2878 618 2956 populo
638 2878 730 2937 soluta
741 2886 800 2953 ost,
825 2893 898 2954 quae
911 2893 974 2934 cum

61 2964 133 3040 ipsis
151 2972 268 3040 propter
284 2965 486 3022 necessitatem
504 2962 578 3021 lacta
590 2957 691 3023 luerat.
719 2960 821 3020 Postea
834 2960 972 3019 Samnites
986 2985 1041 3026 au,

61 3047 129 3105 victi
145 3055 209 3105 sunt
226 3065 242 3105 a
259 3045 288 3108 L.
301 3045 413 3124 Papirio
431 3044 566 3125 consule,
583 3053 693 3122 septem
712 3044 788 3103 milia
805 3058 902 3102 eorum
920 3042 973 3101 sub
984 3052 1030 3094 ⁴³⁴·

60 3130 156 3207 iugum
168 3131 262 3192 missa.
279 3128 407 3206 Papirius
419 3130 454 3188 de
461 3129 631 3188 Samnitibus
642 3128 828 3205 triumpharit.
848 3125 892 3184 Eo
903 3134 973 3184 tern-
987 3122 1040 3163 Ml·

61 3228 133 3290 pore
144 3214 254 3290 Appius
267 3212 400 3272 Claudius
413 3228 518 3272 censor
531 3210 641 3290 Aquam
659 3210 802 3271 Claudiam
821 3208 928 3268 induxit
946 3216 974 3267 et
985 3190 1039 3299 ᾖ

61 3296 133 3355 viam
149 3295 269 3374 Appiam
281 3297 386 3355 stravit.
420 3295 561 3354 Samnites
572 3302 702 3372 reparato
721 3293 797 3352 bello
810 3291 844 3366 Q.
858 3291 972 3351 Fabium
984 3285 1030 3366 ,0'2

60 3377 210 3439 Maximum
226 3381 355 3438 vicerunt
368 3379 465 3437 'tribus
486 3377 598 3436 milibus
615 3378 756 3437 hominurn
769 3376 885 3435 occisis.
919 3371 973 3431 Po·
