2266 3832
106 214 164 277 102
460 226 745 277 suourersron.

103 381 241 461 entius,
265 379 348 443 nihil
375 378 584 459 insultatione
610 379 825 445 barbarorum
856 382 1104 470 intolerabilius,

58 466 276 551 etpraeeipue
303 472 412 527 tamen
439 464 474 526 in
496 482 668 527 causarum
688 471 854 549 patronos.
887 464 965 529 aliis
987 468 1103 551 oeulos,

103 548 176 612 aliis
191 568 306 611 manua
324 546 550 647 amputabant,
567 548 626 611 uni
644 567 682 611 os
693 546 861 630 obsutum,
879 552 1008 615 rescisa
1016 554 1103 638 prius

103 632 230 716 lingua,
258 652 355 716 quam
375 651 410 695 m
431 652 530 695 manu
548 640 663 695 ionem
684 628 845 696 barbarus
864 633 1040 699 ‘tandem’
1061 637 1104 700 ait

59 717 236 800 as‘vipera
263 714 395 779 sibilare
422 714 560 779 desisti?
591 715 694 777 isius
741 736 849 815 noque
868 717 1013 783 consulis
1037 738 1120 784 eor-s

100 820 177 885 pus,
208 798 294 885 quod
319 798 460 861 militum
484 799 589 883 pietas
603 736 700 862 immi
720 737 909 882 iturum
938 801 1101 867 effossum.

101 883 196 966 signa
212 891 244 945 et
261 881 387 967 aquilas
408 882 489 945 duaa
507 882 615 946 adhue
629 880 762 945 barbari
777 882 959 970 possident,
975 888 1104 951 tertiam

101 965 238 1050 signifer
260 966 350 1050 prius
371 986 469 1050 quam
489 966 525 1028 in
545 986 660 1047 manus
681 965 823 1030 bostium
842 969 973 1032 venirat
988 970 1104 1035 evolsit

100 1070 304 1135 mersamque
323 1050 411 1111 intra
431 1047 532 1113 baltei
555 1051 606 1113 sui
621 1048 762 1113 latebras
779 1070 899 1135 gerens
915 1052 953 1115 in
970 1062 1103 1118 eruenta

100 1133 219 1219 palude
241 1134 289 1197 sio
310 1131 414 1197 latuit.
438 1131 500 1196 hae
522 1133 616 1197 clade
636 1133 758 1197 fautum
778 1143 843 1215 est,
866 1142 903 1198 ut
919 1136 1129 1223 imperiumn

57 1216 189 1365 39311οᾲ
216 1218 254 1317 in
280 1217 380 1365 tlitrole
400 1216 525 1282 Oeeani
555 1238 622 1281 non
652 1224 801 1299 steterat,
829 1218 865 1281 in
897 1218 973 1304 ripa
998 1220 1103 1285 Rheni

123 1322 243 1365 ummrs
265 1323 279 1365 s
332 1324 373 1366 e.

258 1432 389 1497 XXXI.
422 1432 607 1498 BELLVM
629 1428 938 1498 GAETVLICVM.
1048 1494 1056 1511 ,

56 1574 91 1625 40
184 1552 277 1615 Haeo
298 1551 341 1615 ad
359 1553 626 1636 septentrionem:
647 1550 708 1614 sub
728 1550 908 1615 meridiano
928 1552 1102 1617 tumultus«

100 1646 168 1699 tum
189 1636 292 1717 magis
315 1655 411 1719 quam
426 1634 582 1698 bellatum
601 1644 659 1699 est.
681 1632 882 1699 Musulamos
900 1643 1000 1735 atque
1020 1636 1131 1702 (iae-u

99 1721 199 1799 tulos,
224 1717 351 1781 aooolas
369 1716 529 1802 Syrtium,
553 1717 655 1784 Cosso
679 1718 761 1782 duee
778 1726 995 1803 compesou1t3
1015 1720 1103 1785 unde

57 1812 90 1861 41
101 1801 149 1866 illi
161 1801 322 1866 Gaetulici
332 1822 450 1866 nomen
461 1800 557 1866 latius
571 1803 690 1887 quami
714 1821 751 1864 sa
761 1800 910 1866 viatoria.
932 1802 1103 1867 Marmari-

100 1886 159 1949 das
171 1894 267 1973 atque
279 1885 492 1949 Garamantes
507 1883 644 1965 Quirino
657 1824 856 1968 subigendos
874 1884 975 1950 (ledit.
996 1889 1103 1972 potuit

101 1978 132 2032 et
148 1968 205 2034 ille
222 1969 330 2034 redire
346 1968 569 2050 Marmaricus,
588 1969 647 2034 sed
663 1968 839 2033 modestior
852 1969 890 2032 in
900 1970 1103 2036 aestimanda

100 2055 238 2119 victoria
259 2054 330 2117 fuit.
1107 2073 1132 2116 so

265 2185 415 2249 XXXII.
448 2184 634 2250 BELLVM
651 2182 935 2250 ARMENIGVM.

55 2323 89 2371 42
182 2304 237 2367 Ad
259 2303 415 2367 orientem
458 2302 508 2365 lus
528 2301 651 2386 negotii
672 2321 745 2364 oum
766 2299 942 2365 Armeniis.
969 2300 1035 2367 huo
1055 2302 1101 2368 al-

98 2398 203 2451 terum
232 2408 274 2449 ex
302 2325 516 2465 Caesaribus,
549 2384 721 2483 nepotibus
752 2384 835 2465 suis,
868 2385 967 2448 misit.
1003 2387 1099 2452 ambo

100 2471 167 2535 fato
184 2469 311 2549 breves,
330 2476 379 2532 set
390 2469 471 2531 alter
482 2468 650 2552 inglor1us.
673 2467 840 2531 Massiliae
851 2469 972 2553 quippe
984 2471 1099 2536 morbo

98 2554 219 2617 Lucius
242 2552 393 2633 solvitur,
423 2553 458 2614 in
479 2550 576 2637 Syria
595 2551 697 2616 Gaius
717 2574 760 2615 ex
779 2549 914 2615 volnere
936 2554 1097 2637 occubuit,

99 2659 171 2701 cum
189 2636 380 2699 Armeniam
408 2636 450 2699 ad
476 2634 614 2699 Parthos
644 2657 679 2698 se
707 2634 949 2699 subtrahentem
979 2638 1015 2701 in
1048 2640 1099 2703 ius

54 2722 229 2819 streeepit.
263 2720 436 2784 Armenios
463 2720 550 2784 vieto
578 2741 657 2804 rege
678 2719 821 2804 Tigrane
847 2720 883 2782 in
909 2718 972 2784 hoo
999 2742 1101 2786 unum

98 2806 263 2869 servrtutis
292 2826 396 2888 genus
418 2804 591 2889 Pompeius
620 2803 829 2884 adsueverat,
856 2811 893 2866 ut
912 2812 1057 2870 restores
1080 2826 1100 2869 a

97 2889 191 2952 nobis
214 2889 415 2973 ‚acciperent
448 2890 665 2952 intermissum
687 2907 765 2970 ergo
787 2888 837 2951 ius
856 2908 915 2972 per
941 2888 1028 2953 huno
1049 2910 1098 2953 re

98 2981 285 3057 superatum
303 2993 369 3036 non
385 2975 569 3054 incruento,
589 2992 650 3035 nee
667 2970 767 3035 multo
783 2979 893 3035 tamen
910 2974 1132 3040 certaminum

54 3059 216 3204 sapuippe
236 3054 363 3137 Dones,
393 3078 488 3144 quem
507 3078 567 3119 rex
589 3057 769 3202 Artagerae
791 3076 834 3119 ex
854 3054 984 3119 Parthis
1006 3078 1098 3141 prae-

113 3148 234 3222 eoerat,
267 3140 416 3203 simulata
467 3141 628 3204 reditione
656 3161 676 3203 a
700 3146 788 3202 ortus
810 3139 918 3203 virum
937 3139 1099 3205 intentum

97 3225 224 3306 libello,
254 3246 349 3309 quem
376 3233 413 3288 ut
438 3162 686 3287 biensaurorum
713 3224 855 3287 rationes
877 3224 1099 3287 continentem

97 3310 167 3393 ipse
191 3315 396 3394 porrexerat,
427 3309 537 3372 stricto
558 3316 691 3393 repente
714 3305 802 3370 fe'rro
823 3305 933 3370 subiit.
965 3313 998 3371 et
1018 3314 1097 3370 tuno

97 3392 229 3476 quidem
253 3392 374 3458 Caesar
400 3400 564 3455 recreatus
592 3400 641 3455 est
668 3412 711 3455 ex
737 3390 871 3454 volnere
897 3390 932 3453 in
957 3398 1131 3474 tempus,ss

53 3488 88 3537 so
99 3484 147 3538 set
165 3476 216 3539 *²¹2
246 3486 388 3541 ceterum
403 3474 561 3541 barbarus
577 3475 720 3561 undique
741 3472 859 3536 infesto
880 3474 1025 3537 exercitu
1041 3492 1096 3559 op·
