2266 3832
114 174 156 239 88
389 174 429 233 Μ.
450 174 591 233 VELLEI
610 174 826 234 PATERCULI

115 328 220 403 inopia
234 343 335 387 rerum
350 325 563 395 intolerabilis,
580 324 626 385 ris
641 324 775 385 hostium
787 325 919 386 faciebat
932 328 1096 403 inexsupe-

115 412 236 484 rabilis,
258 427 315 481 nee
337 408 496 470 temerario
511 408 639 469 consilio
660 424 718 467 nec
738 411 825 482 segni
842 410 1096 484 providentiausi

117 495 330 570 speculatique
350 492 608 568 opportunitatem
631 493 710 552 terro
726 492 784 551 sibi
800 492 840 553 ad
854 509 930 554 suos
945 510 1096 569 peperere

86 579 254 639 breditum.
289 577 335 635 Ex
352 592 413 651 quo
429 583 557 650 apparet
570 576 701 649 Varum,
722 591 798 635 saue
812 592 937 650 gravem
953 584 984 637 et
998 579 1096 639 bonae

116 660 283 722 voluntatis
308 661 420 731 uirum,
447 660 544 733 magis
569 659 760 732 imperatoris
787 660 940 720 deiectum
967 663 1095 722 consilio

117 762 208 820 quam
216 745 325 802 virtute
332 741 507 802 destitutum
518 743 642 802 militum
652 758 686 801 se
700 743 1096 819 magnificentissimumque

87 828 291 902 iperdidisse
305 825 482 885 exereitum.
516 825 630 884 (lumin
646 823 786 899 captivos
803 828 974 888 saeviretur
990 845 1010 887 a
1026 830 1095 889 Ger-

117 912 231 984 manis,
259 910 407 985 praeclari
433 910 578 969 facinoris
602 916 710 968 auctor
740 909 795 969 iuit
824 910 936 971 caldus
966 911 1095 985 Caelius,

116 996 290 1055 adulescens
305 999 457 1052 vetustate
472 994 602 1051 familiae
617 1008 692 1050 suae
708 992 923 1068 dignissimus,
947 996 1001 1069 qui
1016 1012 1095 1057 com·

117 1080 228 1154 plexus
250 1085 439 1152 catenarum,
461 1077 572 1151 quibus
589 1076 710 1135 vinetus
725 1082 803 1151 erat,
825 1077 951 1151 seriem,
973 1079 1018 1139 ita
1031 1081 1096 1140 illas

117 1162 209 1221 inlisit
223 1159 315 1234 capiti
331 1176 405 1231 suo,
422 1168 456 1219 ut
466 1159 604 1234 protinus
618 1159 731 1232 pariter
741 1159 900 1236 sanguinis
913 1163 1093 1239 cerebrique

117 1243 243 1303 effluvio
260 1245 421 1318 expiraret.

90 1343 103 1393 l
202 1327 301 1387 CXXI.
328 1326 383 1386 His
399 1327 509 1386 auditis
525 1327 642 1387 revolat
656 1327 694 1386 ad
711 1335 826 1401 patrem
842 1328 971 1397 Caesam
988 1344 1095 1405 perpe·

120 1420 188 1472 tuus
215 1420 363 1487 patronus
378 1410 507 1471 Romani
526 1408 634 1484 imperi
646 1410 804 1470 adsuetam
820 1411 1096 1474 sibicausamsus-
1119 1466 1122 1471 .

118 1497 206 1570 cipit;
224 1496 348 1554 mittitur
364 1495 402 1553 ad
421 1494 626 1566 Germaniam,
643 1494 755 1554 Gallias
771 1495 945 1568 confirmat,
961 1496 1098 1571 disponit

117 1580 285 1653 exercitus,
313 1577 466 1652 praesidia
487 1575 583 1636 munit
598 1584 628 1635 et
652 1593 687 1636 se
707 1579 914 1652 magnitudine
935 1596 1010 1653 sua,
1036 1597 1096 1640 non

117 1663 230 1721 fiducia
254 1662 353 1721 bostis
378 1661 522 1731 metiens,
557 1661 608 1734 qui
635 1660 814 1720 Cimbricam
839 1662 1098 1739 Teutonicamque

118 1744 252 1803 militiam
272 1744 376 1802 ltaliae
402 1743 586 1817 minabatur,
612 1745 690 1803 uitro
712 1745 851 1803 Rhenum
871 1762 940 1805 cum
960 1749 1098 1808 exercitu

89 1826 346 1902 liransgreditur.
369 1828 463 1885 Arma
478 1827 580 1898 infert,
604 1844 682 1901 quae
698 1829 836 1888 arcuisse
853 1836 938 1903 pater
953 1836 984 1889 et
998 1832 1098 1905 patria

118 1911 250 1972 contenti
276 1917 377 1980 erant;
405 1917 544 1986 penetrat
562 1911 703 1981 interius,
731 1913 828 1986 aperit
848 1912 971 1986 limites,
998 1922 1099 1974 vastat

118 2012 226 2071 agros,
239 1996 430 2069 uritdomos,
446 1992 544 2054 iundit
557 1994 680 2070 obvios,
697 1996 890 2070 maximaque
905 2012 975 2056 cum
989 1999 1098 2071 gloria,

119 2080 262 2140 incolumi
279 2080 426 2151 omnium,
444 2095 524 2152 quos
540 2079 767 2153 transduxerat,
785 2096 910 2140 numero
925 2080 955 2138 in
970 2079 1100 2140 hiberna

90 2162 287 2223 brevertitur.
324 2163 439 2222 Eadem
452 2163 547 2223 virtus
563 2171 592 2222 et
608 2163 728 2222 iortuna
742 2163 943 2237 subsequenti
958 2172 1100 2240 tempore

118 2247 250 2322 ingressi
277 2247 467 2305 Germaniam
492 2247 684 2320 imperatoris
699 2246 797 2306 Tiberi
820 2248 887 2320 luit,
910 2262 991 2321 quae
1013 2248 1099 2309 initio

118 2333 226 2391 iuerat.
251 2330 306 2403 Qui
322 2329 457 2389 contusis
470 2329 602 2389 hostiurn
615 2330 729 2389 uiribus
743 2331 881 2390 classicis
899 2332 1100 2406 peditumque

118 2412 380 2489 expeditionibus,
397 2429 465 2471 cum
480 2427 531 2471 res
544 2412 704 2472 Galliarum
717 2414 867 2473 maximae
882 2413 972 2474 molis
988 2431 1098 2477 accen·

119 2513 235 2571 sasque
244 2495 341 2571 plebis
349 2494 571 2553 Viennensium
580 2494 792 2556 dissensiones
802 2497 988 2558 coercitione
1001 2499 1098 2573 nragis

119 2596 210 2656 quam
232 2594 334 2653 poena
356 2577 518 2649 mollisset,
538 2584 568 2636 et
583 2587 707 2639 senatus
730 2583 925 2656 populusque
939 2582 1098 2642 Romanus

119 2663 291 2739 postulante
308 2669 393 2734 patre
409 2659 490 2732 eius,
507 2668 540 2720 ut
554 2676 685 2736 aequum
701 2662 728 2721 ei
748 2665 796 2723 ius
816 2663 846 2723 in
869 2666 1010 2725 omnibus
1026 2682 1098 2741 pro·

119 2746 226 2807 vinciis
242 2743 489 2817 exercitibusque
501 2752 598 2820 esset,
612 2762 702 2820 quam
714 2757 778 2808 erat
789 2747 864 2821 ipsi,
879 2750 1002 2809 decreto
1015 2766 1098 2810 com·

121 2833 228 2905 plexus
251 2836 349 2903 esset,
372 2826 495 2901 (etenim
510 2828 678 2889 absurdum
699 2838 764 2890 erat
784 2847 845 2891 non
868 2848 939 2891 esse
961 2834 1096 2905 subitio,

121 2929 200 2990 quae
216 2914 253 2972 ab
269 2915 319 2974 iilo
336 2911 581 2985 vindicabantur,
598 2921 628 2974 et
644 2913 696 2989 qui
711 2915 846 2989 adopem
864 2917 1019 2976 terendam
1036 2915 1096 2991 pri·

120 3014 188 3058 mus
204 3003 281 3070 erat,
304 2997 343 3056 ad
358 2995 574 3055 vindicandum
590 2997 737 3058 honorem
757 3016 819 3059 non
834 2998 963 3059 iudicari
978 3003 1097 3075 parem)

120 3082 150 3140 in
166 3082 272 3141 urbem
287 3095 432 3139 reversus
454 3078 633 3153 iampridem
649 3080 782 3141 debitum
798 3083 852 3142 sed
869 3083 1096 3144 continuatione

120 3165 266 3223 beliorum
290 3162 414 3222 dilatum
435 3178 473 3220 ex
495 3162 660 3224 Pannoniis
682 3165 890 3240 Delmatisque
911 3165 973 3242 egit
992 3166 1095 3228 trium·

91 3248 223 3322 aphum.
259 3245 349 3305 Cuius
371 3244 625 3318 magnificentiam
646 3247 715 3321 quis
740 3248 863 3309 miretur
888 3249 918 3309 in
945 3250 1097 3311 Caesare?

121 3332 259 3390 fortunae
285 3344 358 3388 vero
386 3330 454 3402 quis
481 3346 542 3390 non
568 3328 691 3390 miretur
715 3330 955 3408 indulgentiam?
979 3333 1095 3410 quippe

121 3412 219 3474 omnis
241 3410 498 3473 eminentissimos
520 3411 653 3473 hostium
674 3415 769 3475 duces
792 3433 854 3477 non
876 3417 999 3478 occisos
1016 3419 1095 3479 lama
