2266 3832
143 172 185 234 40
389 218 392 224 .
500 175 740 234 EUTROPII

144 359 257 402 omnem
269 342 442 420 provinciam
449 342 537 418 cepit,
550 340 768 420 appellatusque
779 352 824 402 est
831 341 965 406 Creticus
977 358 1074 429 atque

75 455 129 497 gu,
144 446 180 487 ex
200 426 291 486 insula
315 425 502 501 triumphavit.
539 425 603 496 Quo
622 435 750 503 tempore
767 426 854 503 Libya
872 445 994 509 quoque
1007 433 1072 494 Ro·

85 522 131 566 eso.
144 527 224 572 mano
237 511 355 586 imperio
370 526 421 586 per
434 517 630 567 testamentum
642 508 776 586 Apionis,
792 513 840 588 qui
852 530 904 571 rex
915 516 981 573 eius
1003 517 1070 577 fue·

141 602 193 672 rat,
208 595 342 667 accessit,
358 594 386 651 in
398 611 452 670 qua
464 591 586 651 inclutae
598 594 727 652 civitates
740 604 818 654 erant
828 594 982 675 Berenice,
997 598 1069 660 Pto·

141 678 240 738 lemais
253 686 281 736 ot
294 675 416 752 Cyrene.

208 763 260 822 Gn
268 782 295 820 r.
307 759 371 820 XII.
381 760 447 839 (X.)
459 759 532 818 Dum
540 760 611 819 haec
623 770 768 837 geruntur,
781 765 889 840 piratae
898 769 995 828 omnIa
1004 787 1068 830 ma·

140 850 181 908 ria
192 846 360 906 infestabant
377 848 430 920 ita,
457 853 486 903 ut
496 844 642 921 Romanis,
660 853 720 904 toto
734 846 803 905 orbe
815 848 985 927 vterortbus,
998 853 1068 914 sola

141 932 283 1008 navigatio
301 938 358 989 tuta
374 930 430 987 n'on
448 938 535 987 esset.
569 926 663 1000 Quare
681 928 709 987 id
728 929 833 989 bellum
853 931 906 994 Cn.
918 931 1068 1012 Pompeio

73 1034 131 1076 ao.
141 1016 285 1075 decretum
301 1022 353 1072 est.
389 1011 473 1085 Quod
490 1014 560 1071 Intra
579 1029 686 1090 paucos
697 1031 810 1073 menses
828 1016 936 1092 ingenti
953 1027 984 1076 et
996 1019 1065 1080 leli·

79 1111 126 1158 css.
143 1102 227 1159 citate
240 1107 268 1157 et
280 1097 425 1156 celeritate
439 1097 572 1155 coniecit.
600 1095 669 1156 Mox
681 1100 707 1155 ei
722 1096 845 1158 delatum
856 1099 963 1160 bellum
974 1106 1065 1163 etiam

144 1193 241 1244 contra
254 1200 353 1260 regem
365 1179 543 1239 Mithridaten
556 1189 585 1239 et
596 1179 747 1259 Tigranen.
774 1181 838 1255 Quo
851 1195 991 1262 suscepto
1007 1187 1064 1246 Mi·

141 1267 280 1328 thridaten
290 1268 317 1324 in
329 1265 462 1325 Armenia
473 1267 581 1325 miuore
597 1275 736 1325 nocturno
749 1267 860 1344 proelio
871 1270 950 1344 vicit,
965 1279 1064 1332 castra

45 1348 48 1353 ’
142 1352 265 1429 diripuit,
279 1349 583 1429 quadragintamiIibus
595 1352 657 1409 eius
673 1351 778 1410 occisis
793 1353 892 1428 viginti
902 1360 1012 1414 tantum
1023 1354 1063 1414 de

142 1437 268 1496 exercitu
281 1452 333 1493 suo
343 1433 464 1511 perdidit
476 1443 504 1493 et
516 1434 587 1493 duos
600 1436 791 1494 centuriones.
804 1435 982 1497 Mithridates
995 1456 1063 1500 cum

139 1537 227 1580 uxore
240 1520 312 1595 fugit
324 1527 352 1577 ct
365 1516 474 1576 duobus
487 1519 646 1576 comitibus.
669 1516 771 1597 Neque
783 1518 871 1579 multo
890 1530 972 1598 post,
994 1541 1064 1582 cum

138 1605 166 1663 in
178 1619 246 1661 suos
259 1602 391 1676 saeviret,
405 1600 566 1677 Pharnacis,
580 1602 629 1660 titii
640 1604 695 1678 sui,
714 1602 788 1680 apud
799 1603 902 1664 milites
913 1604 1062 1667 seditione

138 1686 172 1746 ad
189 1694 306 1745 mortem
326 1693 443 1744 coaetus
460 1703 601 1743 venenum
619 1686 720 1745 hausit.
761 1685 841 1746 Mune
861 1688 944 1748 linem
958 1689 1062 1750 habuit

69 1791 124 1833 au.
139 1769 324 1831 Mithridates.
363 1766 449 1826 Periit
468 1776 564 1827 sutem
580 1768 656 1845 apud
669 1769 846 1847 Bosporum,
869 1774 913 1831 vir
930 1773 1060 1850 ingentis

78 1860 123 1901 ⁶³⁸·
136 1854 289 1914 industriae
306 1850 485 1929 consiliique.
514 1851 655 1929 Regnavit
666 1855 745 1912 annis
758 1857 915 1932 sexaginta,
928 1857 1000 1915 vixit
1011 1875 1059 1917 se·

138 1940 282 2017 ptuaginta
292 1935 412 2011 duobus,
424 1934 888 1998 contraRomanoshellumhahuit
899 1940 978 2000 annis
986 1958 1058 2019 qua·

138 2021 186 2082 dra
209 2023 273 2080 Inta.

80 2135 135 2177 gu,
187 2041 289 2164 gilae.
302 2103 380 2165 XIII.
394 2103 476 2184 (XI.)
490 2104 603 2181 Tigrani
617 2104 719 2165 deinde
729 2105 883 2184 PompeIus
895 2106 1003 2168 bellum
1015 2110 1058 2170 in·

76 2203 123 2246 aso.
136 2189 208 2250 tulit.
234 2187 286 2248 Ille
299 2208 332 2249 se
347 2191 374 2248 ei
387 2188 479 2265 dedit,
501 2198 530 2249 et
551 2190 579 2248 In
598 2199 690 2249 castra
705 2188 834 2267 Pompeii
846 2190 1057 2253 sextodecimo

135 2273 255 2334 miliario
270 2273 304 2332 ab
321 2273 453 2333 Artaxata
463 2275 555 2347 venit,
577 2290 612 2331 ac
623 2271 750 2332 diadema
763 2292 854 2353 suum,
874 2295 936 2334 cum
949 2292 1057 2353 procu·

136 2357 246 2417 buisset
268 2356 303 2415 ad
327 2375 419 2432 genua
442 2355 585 2434 PompeiI,
611 2357 639 2414 iu
663 2358 790 2416 manibus
810 2360 866 2436 ipsi
889 2359 1056 2420 collocavit.

137 2439 221 2514 Quod
238 2441 270 2510 ei
283 2437 435 2516 Pompeius
450 2440 591 2516 reposuit,
608 2439 824 2519 honoriliceque
844 2462 909 2502 oum
927 2443 1057 2504 habitum

135 2525 217 2602 regni
237 2533 329 2583 tamen
346 2531 425 2599 parte
443 2520 569 2581 multavit
588 2531 617 2580 et
632 2523 732 2601 grandi
750 2529 881 2603 paenula.
910 2525 1057 2606 Adempta

137 2617 181 2668 est
194 2609 220 2666 ei
233 2607 324 2681 Syria,
338 2604 492 2681 Phoenice,
513 2606 665 2682 Sophene,
685 2625 738 2666 sex
753 2608 829 2669 milia
842 2619 993 2687 praetcrea
1010 2620 1055 2671 ta·

136 2693 273 2753 lentorum
283 2691 411 2766 argenti,
433 2707 505 2767 quae
522 2688 629 2766 populo
648 2689 774 2751 Romano
787 2691 883 2771 daret,
908 2695 974 2773 quia
990 2694 1056 2754 hel·

134 2776 191 2836 lum
203 2777 264 2834 sIne
277 2791 377 2834 caussa
389 2772 522 2832 Romanis
535 2775 746 2833 commovisset.

198 2860 285 2919 (lar.
298 2857 373 2917 XIV.
396 2856 548 2933 Pompeius
559 2874 625 2915 mox
637 2859 720 2916 etiam
730 2857 848 2918 Albanis
861 2860 966 2920 bellum
978 2862 1055 2920 iutu-

135 2945 176 3020 lh,
189 2952 217 3002 et
229 2959 326 3002 eorum
337 2960 436 3019 regem
448 2939 560 3000 Oroden
571 2948 615 2999 ter
625 2941 703 3017 vicit,
718 2950 864 3019 postremo
876 2961 929 3023 per
941 2946 1054 3022 episto·

134 3028 176 3088 las
187 3037 340 3087 etmunera
351 3035 467 3103 rogatus
484 3025 595 3083 veniam
606 3025 633 3082 ei
650 3041 684 3083 ac
697 3041 795 3100 paoem
815 3025 902 3086 dedit.
937 3026 1053 3089 Iberiae

136 3131 250 3192 quoquc
261 3129 359 3188 regem
370 3109 495 3168 Artocen
507 3108 574 3167 vicit
586 3109 649 3165 acie
661 3115 689 3165 ct
701 3109 729 3166 In
741 3107 913 3170 deditionem
924 3114 1051 3189 accepit.

135 3196 293 3258 Armeniam
304 3196 439 3253 minorem
450 3191 599 3266 Deiotaro,
613 3188 738 3248 Galatiae
750 3194 824 3268 regi,
837 3193 963 3272 donavit,
981 3196 1051 3273 quia

137 3282 232 3341 socius
249 3277 315 3339 belli
329 3275 509 3337 Mithridatici
521 3275 623 3333 fuerat.
654 3271 749 3332 Attalo
767 3282 795 3332 et
814 3274 976 3352 Pylaemeni
996 3278 1049 3338 Pa·

137 3364 313 3444 phlagoniam
324 3360 453 3422 reddidit.
469 3357 661 3418 ArIstarchum
669 3353 784 3416 Colchis
794 3376 893 3435 regem
901 3362 1049 3440 imposuit.
