2266 3832
412 238 633 297 LlBllRVll.
937 231 979 296 47

133 404 219 465 (iss.
235 402 269 462 V.
301 402 346 462 llo
362 402 547 480 tempoielll.
566 400 723 479 Agrippa
715 419 742 459 m
753 399 902 478 Aquitania
920 418 1038 465 remum

69 505 209 566 prospere
222 488 323 565 gessit.
354 485 391 545 Et
408 486 439 545 L
457 485 604 545 Ventidius
622 484 752 544 Bessus'
743 493 930 562 irrumpentes
952 486 980 543 in
993 490 1041 534 ⁷¹⁶·

69 573 179 646 Syriam
189 570 291 630 Persas
303 571 392 630 tribus
404 568 522 669 proeliis
534 571 612 628 vicit.
645 567 793 644 Pacorum,
818 570 896 646 regis
908 561 1014 628 Οιο-·
989 561 1045 669 7770·

69 654 112 713 dis
128 655 223 730 illium,
237 654 380 713 interfecit
392 670 427 714 co
440 655 504 731 ipso
517 652 573 730 die,
593 670 650 730 quo
662 651 729 711 olim
744 650 866 729 Orodes,
879 630 1000 712 Persa-⁷
1028 662 1033 672 '

68 758 128 797 rum
147 756 212 813 rex,
240 755 294 814 per
315 737 414 797 ducem
429 739 563 797 Surenam
582 734 714 796 Crassum
732 735 886 796 occiderat.
926 735 980 795 Hic

69 825 173 899 primus
186 820 221 881 de
237 820 346 880 Parthis
361 823 542 880 iustissimum
558 821 726 898 triumphum
740 820 848 880 Romae
861 822 930 897 egit.

129 906 214 966 Gar.
228 902 277 964 Vl.
306 903 419 964 Interim
441 904 592 981 Pompeius
616 922 715 981 pacem
737 906 812 982 rupit
836 913 864 963 ct
888 903 1044 969 navalium.

67 988 179 1067 proelio
191 991 282 1047 victus
297 988 410 1066 fugiens
423 988 457 1047 ad
470 988 566 1047 Asiam
578 987 744 1047 interfectus
757 997 810 1047 est.
824 986 904 1067 (lV.)
922 986 978 1046 An·
988 994 1034 1035 714-

67 1075 171 1149 tonius,
184 1091 232 1150 qur
225 1071 340 1132 Asiam
353 1072 552 1150 Orientemque
565 1072 693 1145 tenebat
716 1071 863 1170 repudiata
878 1066 1012 1131 εοιὸιθΑ·
1017 1063 1042 1104 ⁰·

67 1155 198 1220 Caesans
205 1157 325 1234 Augusti
334 1155 491 1232 Octaviani,
505 1154 695 1232 Cleopatram,
708 1158 833 1233 reginam
840 1134 1004 1234 Aegypti,⁷
992 1131 1038 1175 ⁷¹⁶·

68 1240 145 1299 luxit
161 1257 288 1299 uxorem.
321 1238 426 1299 Contra
442 1237 567 1298 Persas
559 1256 623 1317 rpse
642 1241 724 1297 ctiam
739 1241 883 1316 pugnavit.
919 1238 977 1298 Pri·
986 1240 1042 1280 AV·

65 1326 118 1383 mis
131 1340 182 1382 eos
201 1323 317 1401 proeliis
328 1324 406 1400 vicit,
429 1322 596 1400 regrediens
611 1331 704 1382 temon
716 1322 789 1382 fame
801 1332 830 1381 et
842 1322 978 1421 pestilen·
997 1307 1041 1350 ⁷¹⁶·

65 1409 103 1466 tia
118 1405 256 1466 laboravit
270 1415 313 1483 ct,
338 1424 400 1466 cum
420 1409 555 1466 instarent
568 1406 660 1466 Parthi
681 1406 849 1483 fugienti,
841 1422 905 1483 rpse
924 1419 977 1483 pro

66 1492 142 1549 victo
158 1493 288 1549 recessit.

129 1574 214 1634 Gna.
226 1572 288 1633 Vll.
319 1574 372 1632 Hie
387 1591 502 1654 quoque
518 1575 619 1652 ingens
630 1573 736 1633 bellum
753 1573 837 1632 ciuile
854 1589 977 1633 commo·
987 1607 1013 1648 Α
1016 1606 1042 1648 0,

64 1661 103 1716 vit
115 1667 238 1736 cogente
249 1675 337 1717 uxore
350 1656 518 1736 Cleopatra,
541 1676 640 1736 regma
651 1657 792 1736 Aegypti,
816 1657 880 1717 dum
899 1658 977 1735 cupi·
987 1675 1033 1717 rso.

64 1741 150 1802 ditate
165 1741 294 1802 muliebri
306 1751 386 1820 optet
398 1744 501 1803 etism
492 1761 520 1801 ιιι
532 1742 601 1801 urbe
616 1760 745 1820 regnare.
774 1741 873 1800 Victus
886 1750 929 1800 est
941 1741 975 1800 ab
986 1744 1039 1787 AV

63 1825 192 1902 Augusto
204 1825 295 1886 navali
307 1844 401 1904 pugna
413 1825 487 1886 clara
500 1835 528 1884 et
540 1824 640 1885 illustri
652 1825 727 1904 apud
737 1825 860 1902 Actium,
874 1843 921 1903 qur
914 1823 974 1883 lo·
985 1812 1031 1854 ⁷²¹·

64 1927 114 1968 cus
126 1911 154 1968 in
165 1908 253 1986 Epiro
268 1919 328 1986 est,
351 1928 387 1969 ex
398 1928 453 1988 qua
471 1909 566 1986 fugit
558 1928 585 1968 ιιι
599 1908 762 1988 Aegyptum
778 1918 805 1968 ct
817 1908 975 1987 desperatis

62 1993 165 2069 rebus,
185 2011 249 2052 curn
261 2009 358 2052 omnes
371 1992 406 2052 ad
416 1991 575 2070 Augustum
586 1995 747 2070 transirent,
764 1995 828 2069 ipse
844 2011 877 2052 se
889 1995 974 2051 inter-

62 2077 139 2135 emit.
166 2073 319 2154 cleopatra
337 2076 391 2135 sibi
404 2074 532 2152 aspidem
543 2075 654 2135 admisit
670 2084 699 2135 et
716 2092 827 2135 veneno
845 2079 907 2135 eius
926 2093 974 2134 ex·

62 2161 164 2219 stincta
178 2168 232 2219 cst.
263 2159 413 2237 Aegyptus
428 2176 481 2237 per
492 2156 673 2219 Octavianum
684 2161 842 2237 Augustum
854 2161 973 2236 imperio

62 2242 190 2302 Romano
203 2243 312 2303 adiecta
328 2253 372 2303 est
384 2245 621 2321 praepositusque
640 2246 665 2302 ei
682 2242 734 2304 Cn.
747 2241 896 2302 Cornelius
910 2241 973 2301 Gal·

61 2325 115 2385 lus.
137 2325 218 2386 Hunc
230 2329 348 2404 primum
359 2327 508 2405 Aegyptus
518 2327 673 2387 Romanum
685 2326 807 2386 iudicem
818 2327 923 2386 habuit.

126 2410 214 2471 cnr.
237 2410 313 2470 Vlll.
343 2410 384 2473 lte
396 2411 479 2471 bellis
494 2420 554 2471 toto
568 2411 637 2471 orbe
650 2411 790 2471 coniectis
803 2409 973 2471 Octavianus
983 2429 1032 2471 mo

59 2494 206 2572 Augustus
215 2495 333 2556 Romam
343 2495 436 2572 rediit,
448 2514 500 2556 xrr.
512 2512 595 2572 anno,
609 2514 691 2573 quam
703 2493 802 2555 consul
814 2494 914 2554 fueret.
929 2492 974 2553 Ex
988 2497 1034 2544 ⁷2³·

62 2596 97 2638 eo
115 2597 174 2640 rem
192 2580 333 2657 publicem
348 2597 400 2657 per
415 2578 597 2658 quadraginta
614 2587 643 2638 et
659 2588 779 2657 quatuor
794 2594 881 2640 annos
893 2578 973 2639 solus

61 2662 189 2722 obtinuit.
212 2662 286 2724 Ante
299 2666 372 2723 enim
382 2683 422 2723 ιιιι
434 2664 512 2723 annis
521 2679 584 2721 curn
594 2662 718 2722 Antonio
733 2662 875 2740 etLepido
892 2672 971 2723 tenu·

61 2755 130 2805 erat.
154 2744 195 2806 lta
211 2748 245 2807 ab
257 2749 335 2806 initio
349 2750 521 2825 principatus
534 2747 595 2806 eius
607 2765 698 2826 usquo
709 2746 744 2807 ad
755 2748 838 2806 finem
849 2767 896 2809 ιιι
909 2750 972 2807 anni

59 2830 150 2889 fuere.
180 2829 246 2910 (V.)
268 2829 345 2890 Obiit
363 2841 454 2890 autem
475 2851 571 2891 ιιιιιιι.
589 2848 661 2891 anno
677 2839 768 2890 morte
783 2833 922 2892 communi
942 2833 1036 2901 inan.

60 2912 167 2990 oppido
184 2911 353 2993 Campaniae
364 2913 467 2974 Atella.
491 2914 599 2975 Romae
611 2917 638 2974 in
652 2932 752 2993 campo
762 2915 863 2975 llertio
875 2914 969 2993 sepul·
980 2925 1028 2971 tos.

58 3006 104 3056 tus
119 3006 178 3074 est,
196 2999 249 3075 vir,
264 3000 311 3077 qui
325 3016 381 3058 non
393 3000 530 3059 immerito
546 3017 582 3059 cx
591 3001 709 3060 maxima
727 3009 805 3078 perte
817 2999 880 3058 Deo
893 3001 969 3059 simi·

58 3081 94 3140 lis
110 3090 154 3141 est
168 3091 290 3160 putatus.
324 3081 425 3161 Neque
443 3085 516 3143 enim
536 3083 620 3151 facile
634 3083 708 3144 ullus
725 3102 760 3144 co
779 3085 868 3144 autin
885 3083 968 3144 bellis

58 3164 172 3225 felicior
183 3166 235 3225 fuit
245 3175 292 3226 eut
303 3167 331 3227 in
342 3184 413 3244 pace
425 3167 605 3228 moderatior.
628 3188 694 3229 xnrv
705 3171 795 3245 annis,
808 3169 909 3248 quibus
921 3185 968 3228 so·

58 3248 102 3307 lus
116 3252 207 3326 gessit
219 3251 375 3328 imperium,
393 3251 557 3312 civilissime
569 3254 649 3330 vixit,
660 3255 689 3313 in
701 3262 819 3314 cunctos
830 3250 968 3312 liberalis·

58 3333 156 3409 simus,
171 3336 198 3394 in
209 3337 317 3394 amicos
331 3335 492 3413 fidissimus,
506 3355 578 3416 quos
592 3339 675 3398 tantis
693 3339 788 3398 evexit
801 3336 966 3411 honoribus,

58 3424 88 3475 ut
99 3433 191 3494 paene
202 3428 337 3498 aequaret
348 3420 463 3498 fastigio
476 3437 539 3481 suo.
