2266 3832
238 284 447 347 msaoamu
466 284 660 348 nonaum
681 287 723 360 n,
744 266 791 351 ac?
803 296 848 351 or.
997 288 1039 353 ot

60 438 128 497 eius
143 436 298 495 arbitrium
313 436 423 497 direxit
438 438 549 512 lugam.
582 437 665 497 idem
686 438 805 498 locatus
825 436 855 497 in
872 446 952 499 terra
968 442 1068 503 lecito

59 518 229 593 exereitus,
251 535 319 580 eum
340 537 375 579 se
391 520 534 580 Canidius
556 518 714 596 praecipiti
735 522 807 597 luga
828 522 982 597 rapuisset
997 527 1036 585 ad

59 604 234 665 Aratonium.

143 686 299 745 LXXXVI.
333 686 410 759 Quid
431 687 480 745 ille
501 687 567 748 dies
590 695 738 747 terrarum
755 690 821 749 orbi
842 692 1034 765 praestiterit,
1052 700 1065 751 1

59 787 99 832 ex
114 788 175 847 quo
190 770 220 829 in
237 786 328 845 quem
343 776 453 830 statum
474 772 643 845 pervenerit
665 773 786 832 fortuna
806 774 943 847 publiea,
966 776 1035 849 quis

58 856 89 914 in
110 854 170 915 hoc
189 862 369 914 transcursu
391 860 451 913 tam
472 855 558 914 artati
583 855 686 929 operis
707 857 879 931 exprimere
904 859 1036 919 audeatt

58 938 195 998 Victoria
203 954 275 997 rero
290 937 586 998 luitelementissirna
596 955 653 998 neo
663 940 825 1015 quisquam
838 942 1034 1016 interemptus
1049 950 1066 1000 a

59 1022 117 1082 nisi
134 1020 311 1097 paucissimi
327 1020 415 1093 eibi,
438 1024 489 1095 qui
512 1021 671 1097 deprecari
694 1024 815 1097 quidem
838 1041 894 1099 pro
917 1041 1033 1086 senon

58 1106 253 1166 sustinerent.
285 1105 331 1163 Ex
347 1120 407 1179 qua
428 1105 548 1164 lenitate
571 1105 659 1165 ducis
681 1106 781 1181 colligi
804 1106 915 1181 potuit,
943 1124 1032 1183 <ruem

59 1195 111 1249 aut
126 1188 429 1258 initiatriumviratus
447 1189 494 1246 sui
510 1196 560 1247 aut
575 1190 604 1247 iu
621 1191 736 1263 eampis
750 1190 925 1266 Philippiis,
947 1192 973 1251 si
988 1192 1033 1251 sie

57 1274 210 1345 licuisset,
233 1272 376 1331 victoriae
398 1287 474 1330 suae
496 1273 630 1331 lactarus
653 1274 742 1331 luerit
756 1275 889 1334 modum.
922 1278 962 1334 At
977 1274 1064 1336 Sol

57 1358 135 1417 sium
152 1357 183 1415 t.
199 1356 322 1415 Arrunti
345 1354 447 1429 prisea
468 1357 615 1429 gravitate
636 1356 823 1416 celeberrimi
846 1360 939 1432 tides,
960 1376 1032 1418 nrox

57 1440 184 1501 diucum
193 1439 350 1498 elementia
362 1442 491 1498 luctatus
504 1455 561 1497 sua
570 1440 682 1497 Caesar
695 1441 828 1500 servarit
842 1442 1032 1502 ineolumem.

57 1524 124 1583 Non
141 1530 349 1599 praetereatur
361 1523 448 1581 Asini
464 1522 607 1582 Pollionis
625 1522 735 1582 laetum
750 1532 779 1583 et
793 1524 904 1582 dietum
920 1540 1031 1584 memo·
1047 1532 1064 1584 t

56 1607 165 1669 rabile:
187 1622 318 1681 namque
340 1622 408 1665 eum
430 1622 465 1664 se
487 1612 557 1679 post
571 1606 793 1665 Brundusinam
816 1623 922 1681 pacem
938 1611 1031 1668 eonti-

57 1692 175 1751 auisset
197 1691 325 1751 initalia
347 1706 447 1763 neque
468 1695 520 1747 aut
541 1690 669 1748 ridisset
683 1707 816 1764 unquam
831 1692 966 1765 reginam
983 1702 1033 1750 aut

56 1784 128 1850 post
144 1782 319 1834 enervatum
336 1789 439 1833 amore
455 1774 521 1832 eius
535 1774 648 1833 Antoni
664 1774 796 1833 animum
812 1774 949 1849 partibus
965 1774 1031 1835 eius

55 1874 91 1919 se
105 1858 293 1929 miscuisset,
310 1864 435 1931 rogante
448 1856 593 1927 Caesare,
612 1866 643 1917 ut
658 1873 762 1916 seeum
777 1859 817 1917 ad
833 1858 944 1918 bellum
959 1875 1029 1935 pro-

55 1942 244 2001 ficisceretur
259 1942 430 2001 Actiacum:
455 1956 535 2013 inea,
558 1942 669 2015 inquit,
693 1942 720 1999 in
736 1943 901 2001 Antonium
916 1943 1031 2002 maiora

55 2027 161 2085 merita
176 2034 260 2095 sunt,
284 2025 361 2083 illius
377 2026 406 2081 in
423 2041 469 2081 me
484 2023 633 2082 beneficia
650 2025 784 2092 notiora;
807 2026 909 2099 ittaque
925 2026 1029 2085 discri-

54 2110 128 2167 mini
146 2116 248 2166 vestro
264 2122 311 2163 me
327 2106 502 2165 subtraham
517 2116 547 2165 et
560 2122 613 2165 ero
630 2108 744 2179 praeda
760 2108 891 2167 uictoris.

138 2190 309 2248 LXXXVII.
342 2189 484 2248 Proximo
507 2189 617 2248 deinde
639 2205 718 2247 anno
746 2200 927 2264 persecutus
953 2193 1057 2265 regi-t

55 2291 124 2335 nam
139 2276 367 2347 Antoniumque
381 2272 621 2345 Alexandream,
640 2274 770 2331 ultimam
787 2274 873 2333 bellis
891 2274 1028 2334 civilibus

55 2357 200 2434 imposuit
211 2374 341 2415 manum.
363 2356 514 2416 Antonius
526 2371 560 2414 se
574 2352 642 2429 ipse
655 2373 713 2414 non
726 2358 859 2430 segniter
874 2358 1029 2429 interemit,
1045 2372 1060 2419 a

54 2443 132 2502 adeo
148 2450 181 2502 ut
196 2444 287 2501 multa
304 2440 441 2499 desidiae
457 2439 580 2498 erimina
596 2440 883 2509 rn01·teredimerct;
899 2450 930 2501 at
944 2441 1029 2501 Clen-

55 2533 141 2602 patra
157 2526 310 2587 frustratis
326 2525 506 2583 custodibus
522 2523 613 2583 inlata
628 2524 736 2597 aspide
751 2524 791 2596 [in
808 2531 924 2597 morsu]
943 2525 1029 2584 sanie

54 2610 119 2669 eius
142 2626 253 2683 expers
276 2609 429 2667 muliebris
451 2616 548 2668 metus
570 2608 708 2683 spiritum
728 2608 868 2669 reddidit.
902 2609 1062 2685 Fuitoue3

54 2699 84 2752 et
99 2694 219 2753 lortuna
240 2700 271 2752 et
286 2694 442 2752 elementia
458 2692 597 2752 Caesaris
620 2693 757 2766 dignum,
781 2694 864 2768 quod
885 2710 973 2753 nemo
990 2710 1028 2753 ex

54 2777 101 2835 his
118 2778 169 2851 qui
185 2785 290 2837 contra
306 2792 376 2835 eum
391 2792 475 2835 arnna
491 2777 631 2848 tulerant,
654 2778 691 2835 ab
708 2793 744 2837 eo
763 2778 889 2837 iussurc
905 2779 970 2837 eius
985 2778 1027 2835 in-

53 2867 221 2935 teremptus
244 2865 323 2932 [est]:
349 2860 385 2919 Ι).
399 2860 524 2917 Brutum
546 2860 657 2917 Antoni
680 2859 828 2921 interemit
849 2859 1027 2931 crudelitas;

54 2942 85 3003 S.
96 2943 272 3018 Pompeium
288 2944 326 3001 ab
342 2959 379 3003 eo
395 2942 545 3001 devictum
561 2942 641 3000 idem
652 2943 805 3001 Antonius
820 2961 888 3002 cum
901 2944 1028 3017 dignita·

53 3026 92 3088 tis
109 3043 232 3102 quoque
248 3027 419 3086 servandae
434 3025 571 3083 dedisset
586 3024 686 3086 sidem.
703 3026 790 3085 ctiam
806 3024 914 3099 spiritu
930 3028 1028 3099 priva-

54 3110 111 3179 rit;
135 3112 247 3171 Brutus
268 3119 298 3170 et
312 3110 437 3171 Cassius
458 3117 526 3168 ame
549 3124 640 3181 quam
660 3117 804 3168 motorum
820 3109 1030 3183 experirentur

54 3193 202 3268 altimum,
225 3194 394 3255 voluntaria
416 3202 511 3253 morte
527 3192 680 3261 obierunt;
706 3191 819 3251 Antoni
835 3191 1027 3267 Cleopatrae·

54 3292 115 3352 que
140 3279 209 3353 quis
235 3278 343 3337 luisset
368 3278 467 3337 exitus
493 3276 697 3345 narravimus,
726 3276 868 3337 Canidius
894 3276 1028 3337 timidius

53 3360 202 3433 decessit,
230 3378 321 3436 quam
342 3361 526 3436 professioni
547 3361 613 3419 eius
635 3376 695 3433 utra
716 3376 838 3435 semper
859 3377 933 3422 usus
955 3366 1028 3434 erat,

53 3445 255 3519 confirmabam
284 3444 403 3504 ultimus
430 3452 528 3504 autem
554 3460 593 3505 ex
618 3444 861 3506 interlectoribus
887 3442 1028 3505 Caesaris

824 3534 862 3590 οἳ
