2266 3832
87 207 127 268 12
444 215 730 267 snoa1nr1roun.

85 370 251 450 Veientes,
269 367 350 433 adeo
364 377 400 431 ut
420 367 711 432 extraordinariam
721 385 853 429 manum
864 364 1029 430 adversus
1043 386 1092 431 eos

88 452 513 540 promiserit‘privatumque
523 450 661 535 gesserit
671 448 793 513 bellum
804 468 885 532 gena
895 468 965 512 una
979 448 1092 515 nobie

62 550 171 602 arum.
201 538 279 599 satis
298 556 458 620 superque
471 544 549 599 nota
563 533 682 598 clades.
709 531 797 596 caesi
811 539 890 617 aput
908 530 1094 609 Cremeram

88 621 234 700 trecenti,
245 620 399 716 patricius
412 619 573 682 exercitus
583 641 591 700 ;
603 618 650 718 sic
662 615 819 680 scelerato
830 615 961 714 signata
966 618 1094 681 nomine

62 698 1112 872 ³tttdtttttttt{iatttlttttl‘ltl'qttbt‘bt⁵

90 869 284 954 adquealios
296 867 571 933 robustissimam
593 875 714 932 tasunt
725 866 853 953 oppida,
865 866 1095 955 varioqnidem

63 963 79 1009 4
91 960 219 1015 eventu.
254 951 376 1016 Falisci
389 961 503 1038 sponte
515 975 550 1016 se
563 891 766 1032 dediderunt,
777 957 941 1014 crematae
950 970 1013 1015 auo
1023 953 1096 1051 igne

63 1035 247 1116 5Fidenae,
269 1035 388 1121 direpti
409 1036 555 1100 funditus
583 1035 745 1120 deletique
766 1033 933 1098 Veientes.
973 1033 1096 1099 Falisci

91 1140 164 1182 eum
176 1117 410 1200 obsiderentur,
423 1121 506 1182 mira
517 1121 564 1183 eis
576 1129 625 1183 est
636 1120 708 1182 visa
718 1117 799 1182 fides
806 1117 850 1180 im
892 1118 1025 1206 ratoris,
1036 1131 1122 1183 nect·

89 1203 248 1284 inmerito,
289 1203 356 1267 uod
372 1202 442 1267 ludi
459 1204 665 1287 magistrum,
681 1200 773 1266 urbis
786 1220 848 1300 pro
873 1201 1007 1283 torem,
1024 1222 1095 1267 cum

88 1285 140 1349 his
153 1306 233 1371 quos
250 1226 431 1351 adduxerat
447 1288 556 1373 pueris
567 1287 713 1350 vinctum
732 1284 796 1349 sib1
809 1283 894 1349 ultro
904 1286 1093 1351 remisisset.

63 1383 162 1435 ceam
181 1391 319 1457 namque
337 1371 389 1433 vir
409 1379 538 1434 sanctus
558 1379 590 1434 et
608 1372 736 1454 sapiens
753 1389 864 1433 veram
882 1367 1010 1433 sciebat
1026 1389 1094 1434 esse

89 1455 268 1534 victoriam,
286 1474 368 1552 quae
380 1454 471 1517 salva
482 1453 546 1518 fide
565 1461 597 1517 et
606 1455 735 1536 integra
746 1452 905 1536 dignitate
913 1460 1093 1537 pareretur.

64 1535 236 1602 7Fidenae
269 1557 324 1599 ura
332 1557 427 1621 pares
444 1558 510 1601 non
521 1545 613 1601 erant
622 1536 718 1618 ferro,
736 1535 779 1600 ad
794 1543 954 1601 terrorem
964 1556 1123 1602 moran-u

90 1617 167 1682 dum
184 1558 310 1683 facibus
323 1628 466 1685 armatae
480 1629 513 1684 et
531 1618 745 1685 discoloribus
760 1620 959 1707 serpentium
976 1621 1015 1684 in
1031 1640 1095 1685 mo

91 1701 168 1765 dum
188 1703 279 1765 vittis
302 1702 414 1767 furiali
434 1725 523 1767 more
545 1712 785 1791 processerant3
808 1704 866 1768 sed
888 1701 1021 1767 habitus
1042 1702 1095 1767 ille

64 1783 202 1847 sferalis
210 1786 388 1851 eversionis
397 1787 570 1852 omenfuit.
583 1787 647 1852 Vei
658 1797 779 1874 quanta
788 1809 842 1852 res
853 1787 966 1868 fuerit,
974 1787 1096 1851 indicat

89 1867 242 1931 decennis
254 1868 390 1935 obsidio.
409 1879 476 1935 tum
487 1873 626 1957 primum
635 1871 810 1936 hiematum
821 1870 1094 1957 subpellibus,ta

88 1959 166 2015 xata
180 1953 340 2038 stipendio
351 1953 496 2037 hiberna,
509 1955 643 2020 adactus
653 1955 746 2020 miles
764 1976 848 2019 suas
872 1962 948 2020 onte
965 1955 1125 2019 lurein-a

61 2036 191 2101 arando
203 2058 244 2101 ne
253 2038 317 2102 nisi
328 2048 422 2125 capta
430 2039 511 2104 urbe
522 2048 690 2105 remearet.
704 2039 807 2125 spolia
817 2038 858 2103 de
892 2036 1096 2103 arteTolum·

88 2119 143 2185 nio
161 2142 239 2204 rege
257 2122 300 2185 ad
310 2122 492 2188 Feretrium
507 2123 669 2209 triumpho
681 2131 854 2209 reportata.
879 2121 1096 2222 deniquenon

89 2203 186 2267 scalis
199 2226 260 2269 nec
276 2209 475 2293 inruptione,
494 2206 552 2271 sed
568 2206 716 2271 cuniculo
731 2216 762 2271 et
778 2206 1000 2272 subterraneis
1012 2205 1095 2271 dolis

48 2303 80 2354 10
88 2296 255 2371 peractum
270 2288 361 2353 urbis
380 2290 553 2355 excidium.
585 2311 623 2354 ea
643 2290 783 2377 denique
800 2293 873 2356 visa
890 2298 939 2355 est
953 2289 1096 2376 praedae

88 2371 287 2452 magnitudo,
300 2374 390 2436 cuius
403 2373 529 2438 decima
534 2373 680 2458 Apollini
689 2374 809 2460 Pythio
820 2375 1011 2456 mitteretur,
1023 2375 1093 2438 uni·
1101 2398 1126 2439 se

88 2471 267 2538 versusque
274 2455 412 2540 populus
419 2457 583 2521 Romanus
591 2457 633 2520 ad
645 2458 858 2544 direptionem
866 2456 957 2522 urbis
963 2478 1095 2523 vocare

49 2545 79 2596 11
89 2541 152 2596 tur.
177 2533 238 2598 hoc
249 2545 327 2600 tunc
337 2538 400 2603 Vei
412 2538 513 2603 fuere.
532 2561 619 2603 nunc
630 2540 732 2606 fuisse
743 2543 815 2628 quis
826 2541 998 2606 meminit?
1012 2560 1095 2628 quae

87 2615 271 2702 reliquiae?
296 2621 383 2706 quod
398 2622 597 2705 vestigium?
627 2623 754 2688 laborat
765 2624 930 2689 annalium
941 2624 1039 2706 fides,
1060 2632 1096 2689 ut

88 2698 188 2763 Veios
200 2700 301 2767 fuisse
314 2703 493 2769 credamus.

310 2899 387 2962 VII.
417 2898 603 2964 BELLVM
625 2900 869 2967 GALLICVM.
1102 2927 1128 2970 aa

46 3014 86 3079 13
175 3024 241 3126 Hic
261 3029 331 3127 sive
349 3028 475 3093 invidia
492 3029 588 3094 deum
606 3033 676 3097 sive
693 3033 760 3098 fato
778 3035 1005 3121 rapidissimus
1023 3060 1095 3124 pro-

89 3119 250 3174 currentis
270 3113 397 3197 imperii
422 3134 536 3177 cursus
554 3136 727 3203 parumper
744 3116 913 3183 Gallorum
931 3118 1096 3188 Senonum

64 3195 275 3293 aineursione
293 3197 512 3343 supprimitur.
551 3198 638 3298 quod
657 3209 783 3286 tempus
806 3201 926 3287 populo
948 3204 1095 3271 Romano

89 3298 200 3342 nescio
217 3289 325 3344 utrum
343 3279 435 3344 eade
452 3280 612 3346 funestms
629 3283 743 3366 fuerit,
761 3305 804 3347 an
820 3287 950 3350 virtutis
969 3291 1094 3376 experi-

63 3364 211 3426 amentis
223 3364 410 3449 speciosius.
439 3360 477 3428 ea
489 3374 575 3430 certe
591 3365 653 3431 fuit
664 3368 714 3431 vis
727 3367 929 3452 calamitatis,
942 3377 978 3435 ut
991 3373 1028 3437 in
1038 3395 1126 3444 ex-ss

88 3446 304 3516 pauimentum
323 3448 453 3508 inl2²am
478 3459 581 3516 'onim
611 3450 763 3500 div-‘nilne
815 3454 889 3504 wiso
907 3453 1094 3523 volantibus
