2266 3832
168 187 210 248 74
514 188 733 245 sornoeu

170 355 355 431 principatum
371 353 458 410 totius
474 352 553 410 orbis
563 352 711 424 alicam,
728 349 837 408 licinio
848 349 959 410 bellum
980 352 1091 429 intulit,

169 440 295 516 quamvis
312 435 492 493 necessitudo
506 445 534 492 et
551 437 671 493 affinitas
692 453 755 491 cum
770 450 806 491 eo
821 443 912 492 esset
945 433 1025 494 Nam
1042 454 1092 495 so·

101 497 150 607 ἃ
169 538 217 580 ror
244 519 406 579 Constantia
429 528 514 594 nupta
538 517 645 576 Licinio
667 527 737 575 erat.
777 517 821 575 Ac
841 519 935 594 primo
964 537 1036 577 eum
1062 522 1091 580 iu

111 593 158 677 ,ς’,ἰζ
170 602 309 663 Pannonia
330 601 454 660 secunda
481 604 587 678 ingenti
609 610 744 677 apparatu
765 600 871 659 bellum
897 601 977 678 apud
1000 601 1091 663 Ciba·

170 687 211 746 las
235 689 416 745 instruentem
443 687 607 762 repentinus
632 687 790 761 oppressit.
813 687 948 762 omnique
975 684 1078 745 Darda

169 772 225 844 uia,
241 768 361 843 lioesia,
373 766 539 827 liaeedonia
557 770 661 844 potitus
677 785 842 826 numerosas
853 769 1022 845 prouincias
1038 787 1089 828 oc·

170 872 204 912 cu
242 855 292 912 rit.

206 870 316 997 pacm
328 935 376 995 Vi.
398 936 481 996 Varia
497 936 634 1012 deinceps
651 936 724 992 inter
739 952 793 992 eos
808 933 899 1010 bella,
921 945 952 994 et
969 953 1029 1012 pax
1041 955 1088 995 re·

102 1000 150 1108 ἐξ,
170 1019 316 1078 conciliata
338 1029 475 1098 mptaque
488 1028 541 1077 est.
571 1016 718 1077 Postremo
732 1016 856 1076 Licinius
872 1017 966 1077 navali
984 1029 1014 1078 et
1027 1028 1087 1079 ter-

111 1098 157 1177 ᾖ
170 1105 252 1161 restri
267 1103 376 1180 proelio
394 1106 486 1162 vietus
498 1100 572 1180 apud
582 1100 776 1161 Nicomediam
791 1120 824 1160 se
835 1100 943 1160 dedidit
963 1110 994 1161 et
1012 1119 1086 1163 con·

127 1205 151 1248 ι»,
173 1195 212 1245 tra
238 1186 406 1264 religionem
427 1187 594 1245 sacramenti
615 1184 836 1256 Thessalonicae
854 1187 982 1261 privatus
1003 1189 1085 1246 occi·

101 1272 160 1317 cm
170 1289 219 1328 sus
232 1280 285 1330 est.
319 1269 363 1329 Eo
374 1280 504 1348 tempore
515 1287 562 1328 res
573 1269 697 1328 Romana
708 1268 761 1326 sub
774 1284 829 1326 uno
840 1268 973 1346 Augusto
985 1279 1016 1329 et
1034 1272 1084 1329 tri·

111 1343 156 1383 ²⁵²5·
170 1354 223 1414 bus
235 1352 414 1429 Caesaribus,
427 1352 504 1431 quod
515 1369 654 1430 nunquam
665 1351 744 1427 alias,
756 1351 819 1427 luit,
834 1369 897 1411 cum
908 1351 993 1411 liberi
1005 1351 1084 1413 Con·

170 1439 280 1496 stantini
292 1435 416 1512 Galliae,
430 1437 538 1496 Orienti
549 1434 705 1514 italiaeque
716 1444 892 1513 praeessent.
920 1435 1028 1494 Verum
1040 1440 1083 1497 iu·

169 1520 288 1581 seleutia
304 1538 396 1578 rerum
412 1518 597 1579 secundarum
620 1517 790 1596 ahpnautum
807 1517 1021 1578 comanorum
1045 1538 1083 1581 ex

168 1602 215 1661 illa
227 1601 374 1661 favorabili
388 1604 470 1661 animi
481 1601 625 1661 docilitate
637 1603 760 1662 mutarn.
784 1600 904 1662 Primum
918 1605 1080 1663 necessitu-

118 1711 143 1754 ιι,
170 1685 251 1744 dines
262 1695 430 1763 persecutus
442 1685 528 1745 iillum
539 1704 630 1761 snum,
645 1687 792 1762 egregium
805 1688 905 1763 virum,
925 1695 955 1746 et
967 1689 1082 1747 sororis

100 1778 156 1822 cn.
170 1768 266 1845 illlum,
287 1769 451 1829 commodae
469 1769 570 1828 indolis
585 1772 726 1846 iuvenem,
749 1770 904 1845 interiecit,
923 1787 993 1830 mox
1010 1789 1081 1832 uxo·

109 1846 155 1893 ³²⁶·
169 1870 239 1928 rem,
255 1861 320 1930 post
331 1870 496 1913 numerosos
510 1856 626 1913 amieos.

232 1936 314 1996 Cau.
327 1933 390 1995 Vll.
411 1936 461 1995 Vir
472 1939 561 2014 primo
575 1939 684 2014 imperii
701 1946 830 2015 tempore
847 1937 960 2015 optimis
973 1939 1080 2015 prinei·

169 2020 261 2097 pibus,
278 2019 373 2079 ultimo
386 2019 486 2080 mediis
499 2021 712 2099 comparandus.
724 2019 889 2082 Innumerae
901 2022 929 2081 in
943 2034 982 2080 eo
993 2023 1078 2082 animi

169 2105 356 2183 corporisque
377 2107 494 2164 virtutes
513 2105 680 2165 claruerunt.
713 2104 840 2166 biditaris
858 2105 967 2183 gloriae
988 2123 1077 2184 appe-

117 2204 143 2246 Ρ.
167 2189 355 2264 tentissime,
375 2189 485 2249 fortuna
496 2191 524 2249 in
537 2189 620 2249 bellis
633 2205 770 2268 prospera
781 2191 847 2266 init,
865 2207 963 2249 verum
973 2191 1028 2266 ita,
1047 2198 1079 2249 ut

100 2272 155 2315 Μ·
167 2288 222 2331 non
234 2280 380 2349 superaret
395 2272 565 2332 industriam.
600 2272 671 2332 Nam
689 2275 771 2334 etiam
783 2272 891 2334 Gothos
907 2281 974 2351 post
992 2272 1078 2333 civile

108 2340 154 2385 ³³⁹·
166 2354 271 2413 bellum
283 2356 359 2414 varie
371 2355 547 2432 profligavit,
567 2373 638 2433 pace
656 2357 690 2416 ad
704 2367 876 2436 postremum
887 2357 960 2434 deta,
976 2358 1077 2436 ingen·

167 2446 279 2515 temque
295 2437 369 2516 apud
388 2438 518 2500 barbaras
535 2449 637 2515 gentes
649 2444 802 2501 memoriae
819 2444 935 2520 gratiam
951 2440 1077 2502 colloca·

166 2521 214 2580 rit.
248 2519 384 2580 Civilibus
402 2522 507 2581 ortibus
524 2531 553 2582 et
569 2523 668 2582 studiis
688 2525 850 2584 liberalibus
862 2525 989 2601 deditus,
1007 2525 1076 2585 alie·

167 2612 256 2665 etator
267 2605 332 2664 iusti
347 2606 462 2681 umoris,
479 2623 562 2684 quern
575 2611 649 2665 omni
662 2609 715 2667 sibi
731 2617 759 2668 et
776 2609 942 2670 liberalitate
958 2617 985 2668 et
997 2608 1077 2670 doci·

167 2688 243 2750 litate
256 2690 406 2767 qnaesivit,
420 2691 493 2748 sicut
504 2691 531 2749 in
542 2691 690 2751 nonnullos
699 2695 805 2752 unicos
818 2693 929 2769 dubius,
941 2694 980 2752 ita
990 2694 1019 2752 in
1030 2712 1077 2752 re-

167 2772 259 2851 liquos
268 2775 413 2853 egregius,
425 2773 493 2833 nihil
501 2777 681 2837 occasionum
690 2779 923 2856 praetermittens,
937 2794 994 2854 qno
1004 2794 1077 2855 opu·

166 2857 301 2920 lentiores
314 2878 365 2922 cos
383 2862 575 2939 clarioresque
592 2871 757 2941 praestaret.

113 2953 139 2994 Ρ.
226 2945 276 3005 (ln
286 2965 311 3006 e.
324 2943 399 3004 v111.
419 2945 520 3006 Multas
533 2947 613 3025 leges
624 2950 746 3025 rogavit,
762 2947 895 3027 quasdam
908 2967 944 3007 ex
954 2949 1031 3008 hono
1048 2960 1078 3011 et

98 3021 151 3105 Ψ·
163 3044 265 3106 netpto,
287 3028 437 3108 plorasque
449 3031 616 3108 superfluas,
639 3031 785 3092 nonnullas
804 3051 936 3109 severas,
955 3033 1076 3111 primus·

104 3090 149 3132 ³³⁰·
164 3130 219 3191 que
233 3113 327 3172 urbem
341 3116 460 3173 nominis
478 3117 520 3174 sni
539 3115 573 3174 ad
590 3124 691 3175 tantum
709 3117 849 3194 fastigium
860 3117 984 3177 evehere
994 3117 1077 3178 moli·

114 3228 138 3271 p,
165 3204 208 3255 tos
224 3204 277 3269 eat,
296 3206 324 3255 nt
336 3196 443 3258 Romae
454 3200 590 3259 aemulam
602 3200 719 3260 laceret.
741 3199 849 3260 bellum
861 3200 997 3261 adversus
1009 3198 1078 3263 Par·

97 3296 152 3340 nn.
164 3280 228 3339 thos
240 3278 368 3357 moliens,
382 3282 429 3360 qul
442 3283 495 3342 inm
506 3282 908 3363 Mesopotamiamlutigabnnt,
922 3300 977 3345 uno
988 3294 1016 3345 et
1027 3287 1078 3347 tri·

106 3364 151 3407 ⁸³⁷·
163 3365 273 3441 gesimo
286 3380 357 3426 anno
371 3367 497 3443 imperil,
520 3370 618 3427 aetatis
631 3378 712 3428 sexto
729 3377 757 3427 et
772 3371 969 3448 sexagesimo,
987 3368 1077 3431 Nico·

911 3702 994 3786 Ι.
