2266 3832
1107 36 1115 163 l

97 200 139 261 st
287 202 295 218 '
454 210 561 260 raom
574 208 741 259 ermom.

97 364 165 427 eius
191 382 256 426 uno
283 362 351 425 eius
379 362 499 444 edicto,
528 381 602 425 cum
621 381 733 426 omnes
753 362 811 448 qui
835 363 874 427 in
893 363 983 429 Asia
1002 365 1094 433 forent

97 446 262 513 Romanae
279 445 419 509 civitatis
436 444 583 511 homines
598 442 737 510 interfici
749 444 870 509 iussit?
891 454 966 511 tum
976 450 1095 535 quidem

97 530 210 596 domus
241 528 361 613 templa
389 537 421 592 et
447 549 537 608 arae,
565 525 706 590 humana
725 528 834 593 omnia
855 528 969 616 adque
994 528 1095 599 diviua

71 614 169 686 aiura
189 611 309 676 violata
331 619 415 675 eunt.
444 612 503 677 sed
523 610 576 674 hic
596 618 702 675 terror
716 609 817 675 Asiae
838 610 1013 699 Europam
1030 638 1086 703 quo

97 717 158 782 que
178 696 249 779 regi
265 694 441 780 aperiebat.
461 696 570 781 itaque
580 694 688 758 missis
697 692 860 761 Archelw
872 694 1110 783 Neoptolemou

96 800 159 865 que
175 777 364 863 praefectis,
388 798 467 842 exce
539 775 670 858 Rhodo,
710 797 772 841 uae
787 798 848 864 pro
865 778 966 845 nobie
981 780 1097 847 firmius

97 863 201 942 stetit,
220 869 346 924 ceterae
358 860 461 946 Cycla
485 883 535 942 ee,
552 858 668 941 Delos,
686 799 824 925 Ruboea
836 869 870 926 et
882 863 1096 949 iprumGree

72 946 166 1015 aciae
189 944 287 1008 decus
303 943 452 1007 Athenae
473 941 675 1009 tenebantur.
703 942 833 1008 Italiam
849 944 918 1009 iam
934 946 944 961 ”
970 968 1042 1013 eam
1082 970 1098 1013 a

94 1026 208 1091 urbem
229 1027 365 1091 Romam
385 1029 494 1112 regius
515 1036 620 1091 terror
640 1025 792 1091 adflabat.
820 1028 932 1114 itaque
944 968 996 1094 i..
1013 970 1098 1097 Sffin

95 1110 242 1191 festinat,
264 1111 315 1173 vir
337 1111 471 1174 armieo
494 1112 607 1191 timus,
627 1110 761 1207 parique
777 1110 938 1175 violentia
952 1122 1122 1179 ruentemo

53 1214 87 1267 10
97 1193 232 1257 ulterius
248 1192 375 1258 hostem
393 1214 456 1279 qua
479 1212 531 1257 am
547 1213 640 1291 quau
655 1213 752 1257 manu
767 1193 920 1279 reppulit.
946 1196 1097 1281 primum·

95 1276 478 1442 ῗὲιῗιέηξῗθῖιῗὲᾱῖἶῖἶῖᾌ
495 1275 812 1424 aduldlihiii}
829 1277 1029 1448 cieduddss
1061 1364 1097 1446 u

96 1466 172 1509 mox
190 1444 341 1509 subrutus
357 1443 466 1507 Piraei
481 1451 593 1529 portus
611 1464 671 1507 sex
687 1451 742 1506 aut
757 1442 896 1529 amplius
914 1446 1020 1509 muris
1035 1447 1097 1511 cin·

97 1536 177 1591 ctus.
208 1535 378 1612 postquam
400 1526 567 1589 domuerat
587 1524 821 1610 ingratissimos
842 1523 1027 1611 hominurn,
1052 1538 1124 1593 tau

95 1631 185 1689 men,
208 1618 245 1673 ut
265 1611 335 1693 ipse
358 1609 456 1691 dixit,
476 1611 512 1672 in
527 1609 682 1673 honorem
696 1615 895 1673 mortuorum
911 1611 1017 1675 sacris
1032 1613 1099 1675 suis

52 1691 200 1759 llfamae
223 1713 264 1754 ue
291 1692 435 1755 donavit.
468 1713 546 1755 mox
572 1712 645 1755 oum
679 1690 815 1756 Euboea
838 1699 936 1778 atque
961 1692 1100 1761 Boeotia

93 1714 256 1860 praesidia
273 1775 360 1859 regis
373 1773 413 1836 de
436 1773 564 1856 ulisset,
583 1773 686 1837 omnis
698 1774 806 1859 copias
818 1795 883 1839 uno
896 1775 985 1861 apud
997 1776 1098 1842 Chae

93 1858 233 1939 roniam,
257 1857 343 1942 apud
360 1855 426 1920 Orc
449 1877 585 1921 omenon
603 1857 705 1921 altero
724 1856 808 1921 bello
826 1856 1016 1943 dissipavit,
1037 1869 1098 1923 sta·

93 1941 215 2026 timque
238 1941 273 2004 in
293 1941 406 2004 Asiam
427 1949 516 2003 trans
558 1961 648 2003 essue
667 1940 773 2026 ipsum
794 1961 835 2026 op
858 1940 955 2005 rimit.
992 1951 1026 2007 et
1045 1943 1129 2008 dero

94 2023 250 2089 bellatum
267 2024 365 2106 foret,
386 2025 450 2087 nisi
466 2024 507 2089 de
537 2022 704 2088 Iithridete
717 2023 835 2121 triump
897 2026 991 2091 coito
1024 2046 1100 2091 uam

53 2125 173 2176 lavere
190 2107 367 2172 maluisset.
389 2128 428 2171 ac
442 2116 511 2171 tum
521 2106 650 2193 quidem
666 2107 753 2170 hunc
761 2107 861 2171 Asiae
876 2114 996 2171 statrnn
1002 2047 1099 2174 ‘dune

95 2192 239 2256 dederat.
262 2194 360 2256 ictum
377 2212 450 2255 cum
467 2190 611 2254 Ponticis
622 2188 752 2270 foedus,
774 2208 849 2253 rece
871 2190 897 2253 it
906 2189 1098 2278 Bithyniam

94 2297 115 2338 a
134 2297 212 2359 rege
238 2275 446 2355 Nicomedes,
474 2272 711 2336 Ariobarzanes
734 2210 989 2357 Cappadociam,
1015 2274 1098 2339 Asia

93 2380 204 2421 rursus
228 2367 352 2438 nostra,
375 2365 410 2421 ut
431 2364 595 2453 coeperat,
618 2355 821 2421 Mithridates
842 2363 968 2421 tautum
988 2358 1128 2444 repul-as

94 2460 159 2503 sus.
192 2441 300 2526 itaque
327 2462 393 2503 non
413 2439 512 2523 freg1t
533 2459 571 2501 ea
591 2461 644 2503 res
664 2438 831 2519 Ponticos,
859 2438 919 2503 sed
939 2440 1096 2513 incendit.

53 2538 85 2590 13
95 2524 212 2608 quippe
239 2544 299 2586 rex
323 2524 404 2586 Asia
431 2530 463 2586 et
488 2520 621 2607 Europa
644 2521 783 2607 quodam
809 2522 905 2587 modo
932 2523 1096 2589 inescatus

93 2626 159 2668 non
182 2606 247 2668 iam
267 2607 359 2691 quasi
380 2604 533 2685 alienam,
557 2605 630 2687 sed,
653 2607 728 2691 quia
744 2606 909 2687 amiserat,
933 2608 1030 2691 quasi
1046 2629 1096 2672 ra-

52 2703 85 2753 14
92 2696 181 2833 ptam
207 2687 286 2786 belli
313 2691 396 2786 iure·
410 2686 585 2787 repetebat.
619 2689 718 2773 igitur
747 2697 783 2753 ut
812 2690 954 2787 eutincta
980 2710 1097 2790 parum

118 2771 232 2835 daliter
269 2771 420 2836 mcendra
455 2793 576 2835 maiore
613 2771 741 2835 flamma
778 2782 1004 2855 revivescunt,
1049 2782 1127 2837 stato

93 2853 148 2917 ille
170 2854 210 2919 de
232 2855 373 2940 integro,
396 2856 498 2919 auctis
519 2856 673 2919 maiorem
689 2856 724 2918 in
741 2854 871 2920 modum
890 2856 1008 2940 copiis,
1025 2864 1095 2923 tota

93 2935 232 3021 denique
258 2940 351 3022 regni
379 2938 429 3001 sui
457 2938 539 3002 mole
566 2941 601 3003 in
628 2939 741 3002 Asiam
766 2959 878 3003 morsus
903 2940 986 3003 mari
1005 2948 1095 3004 terre

92 3017 342 3107 fluminibusque
363 3021 524 3085 veniebat.

53 3122 84 3170 15
180 3102 333 3189 Cyzicus,
362 3104 480 3169 nobilis
509 3105 638 3188 civitas,
667 3126 756 3188 arce,
785 3104 952 3171 moenibus
958 3153 967 3187 ,
995 3114 1093 3191 portu

91 3186 297 3273 turribusque
312 3189 498 3252 marmoreis
513 3190 678 3253 Asiaticae
691 3189 807 3275 plagae
820 3188 915 3253 litora
928 3188 1090 3252 inlustrat.
1099 3203 1126 3245 ³⁵

91 3269 175 3335 hano
202 3270 258 3335 ille
286 3272 378 3357 quasi
405 3271 539 3335 alteram
566 3272 702 3338 Romam
721 3280 789 3337 toto
810 3272 973 3336 invaserat
991 3270 1090 3335 hello.

51 3370 83 3421 lo
93 3353 151 3418 sed
168 3354 318 3420 fiduciam
334 3354 502 3440 oppidanis
520 3356 692 3420 resistendi
707 3356 838 3425 nuntius
857 3353 949 3434 feeit,
971 3352 1091 3418 docens

92 3437 269 3504 adventare
296 3437 482 3504 Lucullum.
514 3438 568 3508 oui
663 3437 815 3488 hemma
857 3438 930 3498 sete
958 3472 1002 3484 -
1032 3456 1093 3521 per
