2266 3832
364 206 366 211 ’
425 210 561 266 LIBER
587 211 648 266 vtlt.
952 204 993 267 61

78 392 129 434 nus
143 374 272 452 patrique
285 374 435 433 suecessit.
464 371 536 433 llam
549 374 619 433 Geta
636 374 727 432 hostis
739 372 871 449 publieus
887 371 993 432 iudiea-

79 467 124 517 tns
137 457 288 516 confestim
303 458 397 534 periit.

144 542 230 601 Car.
248 539 312 600 XX.
330 538 412 621 (XI.)
438 538 550 600 Marcus
571 533 657 617 ig‘itnr
679 536 813 599 Aurelius
835 539 994 600 Antoninus

79 625 246 700 Bassianus,
273 623 405 703 idemque
430 622 589 698 Caracalla,
614 640 721 681 morum
735 622 797 682 lere
814 632 994 702 paternorum

79 710 146 784 luit,
166 707 250 786 paulo
263 709 392 786 asperior
403 717 432 767 et
447 709 547 766 minax.
580 705 660 783 Opus
672 706 779 765 Romae
794 709 940 785 egregium
951 706 993 766 le·

80 793 119 851 eit
132 792 248 868 lavacri,
263 810 336 870 quae
347 791 550 851 Antoninianae
561 790 749 868 appellantur,
763 791 832 850 nihil
844 799 992 868 praeterea

14 948 20 956 ⁵
79 958 177 1019 Iuliam
188 977 305 1019 uxorem
323 958 442 1019 duxerit.
478 958 637 1018 Delunotus
655 966 700 1017 est
716 959 744 1017 in
756 957 906 1018 Osdroene
917 958 991 1037 apud
1015 978 1043 1024 Ρ.

80 1042 217 1104 Edessam
238 1043 358 1103 moliens
384 1042 533 1103 adversum
553 1040 670 1101 Parthos
689 1042 898 1120 expeditionem
916 1060 989 1102 anno
1001 1046 1056 1088 GN·

80 1129 190 1205 imperii
208 1147 248 1186 vr.
269 1145 369 1186 mense
387 1147 420 1186 11.
443 1128 493 1186 six
512 1145 647 1204 egressus
663 1127 763 1186 aetatis
779 1146 863 1188 xnrrr.
882 1145 992 1186 annum.
1006 1114 1053 1157 ⁹¹⁷·

80 1210 192 1271 Funere
207 1210 322 1289 publioo
337 1209 428 1271 elatus
443 1219 498 1271 est.

144 1297 230 1354 Gne.
242 1293 320 1354 XXI.
332 1292 428 1375 (ΧΗ.)
452 1293 563 1373 Opilius
575 1293 677 1354 deinde
684 1292 836 1369 Macrinus,
853 1295 901 1371 qui
912 1310 992 1371 prae-

82 1380 174 1438 leetus
186 1379 329 1456 praetorio
343 1387 412 1453 erat,
430 1396 493 1438 eum
505 1377 563 1436 lilio
574 1377 750 1438 Diadumeno
763 1376 830 1437 faeti
841 1377 992 1454 imperato·

80 1481 128 1522 res
152 1461 222 1522 nihil
245 1461 427 1522 memorabile
449 1480 486 1521 ex
510 1462 647 1539 temporis
670 1461 809 1522 brevitate
830 1470 991 1539 gesserunt.
1018 1485 1044 1525 r.

81 1545 151 1606 llam
167 1547 316 1623 imperium
336 1563 433 1606 eorum
449 1545 532 1605 duum
549 1547 686 1605 mensium
704 1546 830 1605 etunius
848 1546 912 1605 anni
930 1546 990 1604 luit.
1001 1553 1058 1598 <RN-

82 1629 227 1689 Seditione
238 1629 348 1689 militari
359 1630 441 1689 ambo
457 1631 562 1708 pariter
573 1631 663 1689 oeeisi
679 1639 752 1689 sunt.
1008 1623 1053 1662 ²¹⁸·

148 1714 230 1775 Car.
242 1712 334 1773 XXll.
348 1711 458 1793 (Xlll.)
482 1712 600 1773 Greatus
613 1722 657 1773 est
668 1723 734 1790 post
744 1714 797 1772 bos
809 1711 848 1772 bl.
861 1711 992 1773 Aurelius

80 1799 246 1859 Antoninus.
268 1796 321 1856 Hie
330 1796 464 1856 Antonini
472 1796 633 1858 Caracallae
644 1796 717 1856 lilius
726 1797 885 1874 putabatur,
898 1815 992 1856 saeer-

81 1883 133 1941 dos
145 1890 237 1943 autem
248 1880 425 1958 Heliogabali
436 1881 533 1959 templi
546 1889 614 1941 erat.
640 1878 668 1939 ls
681 1899 743 1939 enm
754 1879 872 1940 Romam
886 1882 993 1957 ingenti

82 1975 110 2025 et
131 1965 248 2024 militum
264 1972 292 2023 et
313 1973 427 2023 senatus
439 1966 654 2042 exspectatione
669 1965 811 2040 venisset,
831 1964 943 2041 probris
960 1983 993 2023 se

82 2049 210 2108 omnibus
223 2048 429 2107 contaminavit.
451 2041 677 2125 lmpudieissime
692 2055 721 2106 et
732 2046 939 2107 obscenissime
951 2050 992 2107 vi·

81 2135 137 2208 xit,
156 2132 328 2208 biennioque
345 2138 411 2207 post
428 2139 456 2189 et
468 2151 521 2190 vrrr
531 2130 676 2189 mensibus
691 2129 808 2189 tumultu
826 2130 994 2190 interiectus
1019 2145 1045 2185 r.

83 2225 127 2276 est
138 2214 248 2274 militari
263 2223 292 2274 et
304 2232 366 2272 enm
379 2231 415 2277 eo
426 2223 515 2273 mater
527 2212 658 2272 Soaemia
673 2214 755 2292 Syra.
1005 2213 1061 2255 Cll-
1088 2274 1094 2280 ,

146 2300 230 2359 Gar.
242 2295 347 2358 XXlll.
361 2295 466 2376 (xlv.)
489 2297 637 2356 Sueeessit
651 2297 718 2357 boio
728 2293 861 2356 Aurelius
872 2297 992 2359 Alexan·
1004 2281 1051 2323 Μ

82 2384 148 2460 der,
169 2382 203 2443 ab
222 2384 347 2442 exercitu
365 2378 487 2457 Caesar,
511 2389 645 2443 asenatu
659 2380 805 2459 Augustus
823 2377 992 2460 nominatus,

81 2468 191 2527 iuvenis
213 2465 378 2543 admodum,
408 2473 603 2544 susceptoque
627 2464 762 2525 adversus
786 2464 887 2526 Persas
916 2467 993 2528 bello

81 2553 196 2612 Xerxen
207 2567 305 2610 eorum
319 2569 418 2630 regem
429 2550 638 2629 gloriosissime
650 2550 728 2610 vieit.
749 2548 899 2610 blilitarem
910 2551 993 2613 disei-

82 2636 185 2715 plinnm
197 2634 379 2694 severissime
393 2636 477 2694 rexit.
500 2632 642 2707 Quasdam
653 2632 851 2695 tumultuantes
863 2634 993 2715 legiones

81 2723 206 2797 integras
218 2719 419 2778 exauctoravit.
450 2717 637 2777 Assossorem
652 2716 749 2778 babuit
765 2718 812 2777 vel
829 2721 925 2779 serinii
937 2740 993 2783 ms·

81 2805 198 2880 gistrum
209 2801 368 2879 Ulpianum,
382 2803 450 2861 iuris
462 2800 645 2862 conditorem.
668 2800 776 2862 Romae
788 2821 903 2882 quoque
914 2805 993 2867 favo·

83 2885 177 2946 rabilis
189 2885 251 2945 luit.
287 2884 372 2945 Periit
383 2887 410 2945 in
423 2885 512 2945 Gallia
523 2884 635 2946 militari
651 2885 769 2945 tumultu
786 2888 995 2955 tertiodecimo
1018 2905 1044 2946 Ρ·

83 2971 192 3047 imperii
214 2985 287 3030 anno
311 2977 339 3028 et
361 2968 407 3028 die
429 2990 492 3031 vnr.
524 2967 556 3028 ln
577 2978 694 3029 matrem
715 2988 793 3030 susm
811 2972 994 3038 blammlesm
1006 2972 1060 3015 ΟΝ·

82 3055 165 3114 uniee
185 3055 259 3130 pius.
1008 3041 1054 3084 ²³⁵·

446 3249 620 3261 0.--
