2266 3832
82 206 122 269 28
435 220 721 270 snomamrorm.

81 373 281 459 percutiunt,
303 372 485 457 praefectos
502 372 635 435 navium
656 372 732 454 igne
748 370 962 455 comburunt3
979 372 1018 437 id
1038 394 1089 454 ue,

56 460 147 542 4quo
159 454 325 540 indignius
340 455 434 536 foret,
446 454 562 518 mulier
576 454 757 539 imperavit.
782 454 893 540 itaque
905 455 1003 520 Gneo
1014 394 1090 519 lul-

82 540 137 605 vio
160 538 340 603 Centimalo
358 538 440 602 duce
456 537 521 602 late
538 537 720 601 domantur.
754 538 885 601 strictae
906 559 1040 603 secures
1056 539 1091 602 in

82 624 264 707 principum
275 621 359 685 oolla
369 622 550 706 legatorum
560 619 710 685 manibus
723 621 869 685 litavere.

173 751 288 816 XXII.
311 751 497 816 BELLVM
514 749 720 816 PVNIOVM
737 749 998 818 SEOVNDVM.
1052 816 1055 821 ,
1099 773 1112 812 s

14 877 81 958 11,6
166 877 246 941 Post
262 878 402 962 primum
417 877 577 940 Punicum
596 874 719 939 bellum
733 877 794 940 vix
809 876 1022 963 quadriennii
1041 898 1091 942 re-

83 961 190 1047 quies:
209 981 284 1024 ecce
296 960 434 1023 alterum
449 959 581 1040 bellum,
595 960 702 1022 minus
714 959 847 1045 quidem
858 960 965 1045 spatio
974 981 1092 1027 -neo

82 1044 169 1106 enim
179 1042 316 1127 amplius
331 1042 443 1107 decem
454 1052 486 1106 et
497 1050 569 1107 octo
580 1063 683 1107 annos
695 1041 854 1124 habet-7
867 1041 927 1107 scd
935 1042 1091 1108 adeocla·

83 1124 172 1191 dium
194 1128 363 1190 atrocitate
384 1125 573 1206 terribilius,
591 1133 638 1206 ut,
659 1126 689 1188 si
709 1125 782 1211 quis
799 1125 948 1190 conferat
970 1124 1091 1191 damna

82 1210 251 1294 utriusque
285 1208 383 1294 opuli,
403 1208 539 1273 similior
549 1211 636 1273 victo
648 1209 691 1271 sit
701 1207 841 1294 populus
858 1208 915 1273 ille
927 1209 985 1295 qui
995 1210 1087 1274 vicit
1098 1226 1122 1268 ¹⁰

57 1290 198 1361 screbat
215 1232 358 1356 nollem
375 1292 531 1377 populum
543 1313 632 1356 mare
647 1290 807 1372 ablatum,
827 1301 942 1377 raptae
952 1291 1089 1374 insulae,

85 1375 163 1439 dare
184 1375 316 1456 tributa,
338 1398 420 1461 quae
446 1374 559 1439 iubere
582 1383 805 1439 consueverat.
835 1375 912 1439 hinc
931 1374 1091 1441 ultionem

68 1481 164 1557 ‚puer
173 1458 319 1522 Annibal
337 1459 380 1521 ad
398 1481 488 1521 aram
527 1460 605 1522 atris
618 1459 792 1538 iuraverat,
809 1479 871 1522 nec
889 1457 1088 1523 morabatur.

58 1543 184 1626 argitur
201 1543 236 1604 in
254 1563 385 1604 causam
394 1541 474 1605 belli
508 1563 528 1604 a
596 1551 647 1606 tos
666 1540 769 1605 electa
783 1551 842 1623 est,
857 1550 953 1605 vetus
968 1540 1089 1627 Hispa-

83 1625 157 1687 niae
168 1625 283 1687 civitas
300 1634 332 1687 et
344 1624 532 1708 opulentafi
556 1627 650 1711 eique
667 1645 746 1708 erga
757 1623 921 1689 Romanos
931 1632 1089 1709 magnum
1098 1645 1122 1686 ιε

58 1706 215 1794 aquidem
226 1715 275 1769 set
284 1709 376 1771 triste
387 1708 626 1788 monimentum,
649 1728 745 1855 <pram
761 1708 796 1771 in
807 1706 991 1772 libertatem
1002 1728 1089 1773 com-

82 1791 174 1854 muni
190 1789 322 1854 foedere
340 1800 510 1875 exceptam
524 1791 657 1854 Anniba
675 1838 684 1871 ,
711 1812 826 1855 causas
842 1812 1003 1856 novorum
1021 1813 1089 1857 mo·

83 1882 174 1937 tuum
192 1894 365 1959 quaerens,
384 1883 416 1936 et
434 1876 500 1937 suis
519 1884 551 1938 et
566 1877 710 1959 ipsorum
726 1873 876 1938 manibus
895 1875 1029 1955 evertit,
1052 1883 1089 1939 ut

58 1955 212 2020 5Italiam
223 1955 287 2019 sibi
298 1966 392 2041 rupto
404 1957 535 2021 foedere
546 1961 695 2044 aperiret.
708 1978 832 2020 summa
842 1956 1012 2022 foederum
1024 1957 1089 2023 Ro·

82 2038 186 2104 manis
198 2040 312 2125 religio
325 2050 388 2123 est,
400 2042 509 2127 itaque
520 2042 564 2106 ad
573 2041 719 2105 auditum
730 2041 836 2105 sociae
848 2041 989 2103 civitatis
1002 2038 1088 2105 obsi·
1096 2063 1123 2105 ao

84 2124 182 2206 dium,
194 2145 351 2189 memores
363 2125 420 2188 icti
432 2147 504 2189 oum
514 2125 634 2190 Poenis
645 2144 772 2210 quoque
783 2123 935 2205 foederis,
947 2144 1014 2188 non
1023 2134 1088 2188 sta·

82 2210 142 2271 tim
159 2209 202 2272 ad
213 2229 302 2271 arma
312 2219 515 2293 procurrunt,
535 2210 612 2272 dum
629 2209 720 2292 prius
736 2228 826 2272 more
837 2207 982 2290 legitimo
1000 2209 1089 2272 'ueri

53 2301 71 2352 6
82 2290 216 2354 malunt.
229 2296 391 2368 Soountini
400 2293 530 2356 interim
539 2293 604 2355 iam
611 2312 728 2355 novem
740 2288 907 2354 mensibus
914 2229 1088 2355 fessiiame

83 2373 241 2436 machinis
255 2375 351 2456 ferro,
362 2397 459 2438 versa
471 2375 547 2439 deni
569 2396 611 2438 ue
622 2375 657 2437 in
667 2373 791 2437 rabiem
801 2372 867 2437 fide
877 2374 1043 2437 inmanem
1052 2375 1087 2438 in

83 2455 154 2520 foro
167 2459 310 2520 excitant
323 2479 447 2540 rogum,
464 2468 533 2521 tum
548 2398 691 2542 iesuper
702 2479 737 2521 se
748 2477 889 2541 suosque
900 2477 974 2520 cum
985 2459 1086 2522 omni·
1095 2483 1121 2524 as

56 2538 144 2604 'Ibus
158 2538 274 2623 opibus
286 2540 353 2602 suis
370 2540 457 2605 ferro
476 2550 508 2604 et
524 2543 601 2625 igne
619 2548 839 2624 corrumpunt.
867 2538 963 2603 huius
974 2548 1085 2605 tantae

81 2621 185 2685 cladis
196 2631 308 2686 auctor
316 2622 462 2687 Annibal
473 2626 627 2722 poscitur.
657 2621 951 2708 tergiversantibus
964 2623 1085 2689 Poenis

82 2704 150 2768 dux
160 2705 332 2790 legationis
351 2713 459 2792 ‘quae’
477 2709 584 2794 lnquit
602 2717 704 2772 ‘mora
716 2705 790 2770 est?
802 2704 954 2794 [Fabius]
971 2707 1006 2771 in
1023 2705 1087 2772 hoc

82 2808 99 2850 e
124 2809 142 2852 ο
160 2789 234 2852 sinu
250 2787 374 2853 bellum
390 2811 504 2874 pacem
526 2813 568 2854 ue
583 2792 692 2876 'port03
709 2798 818 2855 utrum
835 2788 955 2874 eligitis
964 2789 993 2852 ?'
1014 2811 1086 2855 suc·

81 2809 437 2956 cPamantibusbellum,
452 2814 710 2960 ‘bellumigitur’
728 2874 834 2959 inquit
846 2873 928 2936 ‘acci
951 2874 1020 2937 ite!
1052 2882 1120 2938 etao

83 2974 221 3019 excusso
237 2956 272 3018 in
288 2955 497 3020 mediacuria
512 2966 607 3042 togae
625 2957 749 3042 gremio
767 2967 833 3019 ‘non
852 2957 922 3020 sine
964 2977 1085 3039 onore,

82 3038 176 3123 quasi
209 3037 284 3102 lane
294 3040 368 3103 sinu
377 3039 500 3105 bellum
509 3041 619 3122 ferret,
631 3040 755 3105 effudit.

55 3126 73 3178 8
192 3121 289 3186 unilis
301 3123 407 3186 exitus
418 3121 497 3187 belli
509 3125 610 3188 initiis
623 3125 697 3188 fuit.
728 3144 804 3187 nam
843 3123 915 3186 nasi
932 3122 991 3186 has
1002 3123 1097 3187 infe.

81 3204 148 3268 rias
160 3205 224 3268 sibi
235 3203 488 3290 Saguntinorum
498 3209 630 3273 ultimae
642 3208 733 3272 dirae
751 3208 808 3271 ini
836 3204 997 3292 opublico
1010 3227 1085 3291 par·

80 3288 197 3354 ricidio
208 3288 422 3375 incendioque
432 3293 650 3373 mandassent,
668 3293 715 3356 ita
731 3290 881 3354 manibus
899 3311 1010 3354 eorum
1026 3303 1118 3354 vass

82 3373 222 3437 statione
232 3372 358 3454 Italiae,
370 3375 558 3458 captivitate
568 3375 712 3456 Africae,
725 3375 844 3439 ducum
855 3382 887 3438 et
899 3394 1015 3510 regum
1028 3373 1086 3459 qui

58 3468 72 3520 ,t
80 3451 117 3518 id
127 3475 259 3534 gessere,
268 3455 388 3518 bellino
402 3458 502 3518 avitia
513 3467 715 3510 nnrantotum
730 3465 777 3506 ‘ast
806 3457 904 3522 'mitur
914 3477 936 3514 η
960 3457 970 3506 i
984 3456 1084 3520 pamel
