2266 3832
366 218 392 301 Ι,
410 220 548 281 24-27
560 218 607 307 [11,
620 221 756 308 8-111.
1021 225 1061 287 37

54 386 210 451 Persicos
221 344 530 470 arcus'conuperat3
540 387 680 472 primum
690 385 872 470 trepidatio,
885 409 963 452 mox
972 389 1061 474 suga,

55 468 179 535 deinde
194 467 533 568 triumphusfuerunt.
556 471 642 568 victo
660 479 703 568 et⁸
713 468 851 554 supplici
866 490 979 557 pacem
989 493 1062 557 par·
1074 496 1106 546 18

55 562 300 699 ffizpegm
315 551 388 615 dam
403 551 524 637 placuit
542 573 580 616 eo
592 551 754 634 hbentrus,
774 553 861 638 quod
880 562 947 617 tam
963 555 1062 619 facile

34 794 48 835 s
272 766 384 833 XXV.
411 766 597 833 BELLVM
616 766 844 834 AETOLVM.

144 883 279 971 Syriaco
289 884 376 949 hello
392 887 556 966 successit,
575 892 608 949 ct
624 884 773 966 debebat,
791 884 952 949 Aetolum.
975 885 1062 949 victo
1068 891 1105 957 11,
1119 882 1126 913 '

57 990 115 1057 qur
137 988 180 1053 pc
202 967 368 1032 Romanus
389 968 552 1032 Antiocho
579 967 669 1030 faces
690 967 829 1031 Asiatici
851 967 930 1032 belli
956 988 1063 1052 perse·

57 989 229 1137 quebatur.
252 1071 330 1135 ergo
346 1050 466 1115 Fulvio
483 1049 645 1114 Nobiliori
661 1050 814 1114 mandata
830 1050 910 1114 ultio
927 1058 987 1114 est.
1010 1050 1090 1114 hica

55 1135 206 1221 protinus
227 1141 324 1231 caput
345 1134 452 1217 gentis
472 1133 690 1215 Ambraciam,
711 1155 746 1197 re
772 1135 835 1196 'am
849 1133 977 1218 Pyrrhi,
998 1154 1063 1196 ma-

22 1214 167 1285 rachinis
187 1220 301 1301 quatrt.
340 1223 452 1279 secuta
473 1215 595 1280 deditio
616 1225 676 1278 est.
761 1225 853 1281 erant
874 1215 1090 1284 Aetolorum3

54 1298 209 1386 precibus
230 1298 342 1380 Attici,
369 1297 498 1379 Rhodii,
528 1308 559 1362 et
587 1299 834 1362 memineramus
857 1299 986 1361 auxilii:
1018 1300 1065 1360 sic

79 1382 182 1447 lacuit
208 1382 389 1467 ignoscere.
430 1383 549 1468 serpsit
574 1391 684 1445 tamen
710 1381 807 1446 latius
835 1382 870 1443 in
899 1382 1091 1466 proximoss

54 1404 181 1529 bellum
207 1485 398 1549 omnemque
426 1465 491 1528 late
520 1463 780 1550 Cephalleniam,
813 1462 1006 1562 Zacynthon
1034 1471 1066 1526 et

56 1546 218 1648 quidquid
234 1546 414 1612 insularum
428 1549 464 1612 in
483 1568 521 1612 eo
540 1549 623 1611 mari
643 1549 729 1611 inter
748 1546 925 1612 Ceraunios
940 1554 1065 1611 montes

20 1650 236 1716 „sagumque
256 1629 413 1695 Maleum:
434 1631 544 1696 Aetoli
565 1630 645 1694 belli
667 1630 810 1695 accessio
829 1630 970 1694 fuerunt.

248 1763 376 1829 XXVI.
412 1763 598 1829 BELLVM
617 1762 876 1830 HISTRIOVM.

143 1882 251 1949 Histri
278 1891 431 1949 secuntur
457 1882 607 1965 Aetolos3
644 1885 762 2029 quippe
789 1883 948 1948 bellantes
978 1884 1128 1964 eos11,lt

56 1987 165 2052 nuper
179 1966 382 2031 adiuverunt.
405 1976 437 2031 et
459 1966 553 2029 initia
575 1987 704 2053 pugnae
744 1967 807 2030 osti
823 1986 981 2052 prospera
996 1965 1093 2033 fue-2

57 2058 137 2115 runt
164 2049 341 2135 eademque
367 2051 460 2114 exitii
489 2070 596 2114 causa.
631 2071 707 2112 nam
735 2069 808 2113 cum
837 2049 923 2113 (inei
952 2049 1067 2112 Manlii

20 2141 169 2198 amus
188 2154 226 2197 cc
248 2134 349 2196 issent
372 2133 561 2218 opimaeque
588 2133 729 2218 praedae
755 2132 960 2212 incubarent,
990 2152 1065 2215 epu·

58 2216 164 2281 lantes
179 2154 429 2280 acludihundcs
467 2217 625 2303 lerosque,
666 2216 701 2277 ui
718 2223 773 2277 aut
790 2214 847 2278 ubi
865 2221 973 2278 essent
987 2233 1065 2298 prae

58 2299 186 2386 poculis
213 2300 404 2381 nescientes,
464 2301 559 2446 ppius
580 2298 661 2362 Pulc
685 2319 720 2361 er
748 2298 883 2362 invadit.
923 2298 970 2360 sic
992 2300 1092 2360 curnt

59 2383 221 2467 sanguine
242 2392 309 2447 ets
333 2383 410 2446 iritu
429 2404 514 2447 mae
533 2390 660 2468 partam
681 2402 870 2446 revomuere
884 2380 1064 2444 victoriam.

58 2468 133 2553 ipse
142 2487 206 2531 rex
219 2466 292 2552 Aep
329 2487 348 2530 o
364 2487 447 2551 equo
462 2467 631 2551 inpositus,
642 2486 716 2528 curn
731 2465 869 2529 subinde
887 2463 1019 2549 crapula
1036 2471 1068 2526 et

23 2550 179 2635 ascapitis
195 2569 305 2614 errore
320 2550 470 2635 lapsaret,
485 2570 523 2613 ca
544 2557 614 2613 tum
630 2569 701 2613 sese
725 2549 784 2612 vix
803 2557 835 2612 et
856 2567 964 2632 aegre,
981 2554 1068 2633 post·

59 2654 159 2719 quam
176 2632 425 2719 expergefactus
440 2640 497 2715 cst,
539 2632 640 2696 ‘dicit

176 2764 324 2831 XXVII.
356 2765 541 2831 BELLVM
562 2764 946 2831 GALLOGRAEOVM.

148 2881 409 2967 Gallograeciam
435 2904 562 2969 quoque
584 2883 710 2971 Syriaci
729 2883 809 2947 belli
835 2884 930 2946 ruina
954 2886 1114 2966 con-11,l

59 2966 177 3032 volvit.
207 2965 329 3031 fuerint
350 2966 436 3031 inter
454 2967 578 3030 auxilia
596 2969 684 3051 regis
705 2966 874 3047 Antiochi,
903 2986 945 3029 an
964 2966 1091 3030 fuisse?

25 3048 201 3135 aucupidus
222 3049 378 3135 triumphi
397 3049 540 3114 Manlius
557 3050 660 3115 Vulso
683 3048 893 3131 simulaverit,
917 3048 1062 3129 dubiumq

61 3140 207 3197 atcerte
234 3142 372 3214 negatus
394 3142 443 3198 est
468 3135 586 3199 victori
609 3132 806 3218 triumphus,
838 3134 1086 3217 quiescerem-1

60 3215 143 3281 belli
170 3236 237 3280 non
258 3215 460 3302 adprobavit.
495 3226 637 3281 ceterum
668 3238 748 3300 gens
770 3215 866 3280 Gallo
908 3234 1062 3279 cecorum

62 3300 148 3363 sicut
164 3299 272 3384 ipsum
288 3322 406 3364 nomen
421 3300 542 3364 indicio
561 3309 618 3381 est,
636 3302 740 3363 mixta
755 3308 788 3363 et
804 3298 868 3362 adu
880 3304 985 3361 terata
1001 3316 1051 3360 est

62 3381 221 3469 reliquiae
233 3381 411 3465 Gallorum,
431 3385 487 3468 qui
499 3384 629 3448 Brenno
646 3382 729 3447 duce
747 3389 955 3446 vastaverant
967 3379 1054 3444 Grae

29 3466 160 3549 auium,
183 3467 339 3531 orientem
358 3467 469 3549 secuti,
492 3468 527 3530 in
540 3466 644 3530 media
673 3466 766 3520 Asin
788 3471 880 3532 aad*
904 3463 1063 3524 redeam»,
