2266 3832
122 184 163 245 10
409 184 449 241 M.
465 181 608 241 VELLEI
621 180 839 241 PATERCULI

121 356 175 413 per
189 338 267 397 inter
281 352 364 395 arma
379 352 415 395 ac
432 334 533 394 studia
545 340 685 392 versatus
700 338 752 391 aut
767 348 880 405 corpus
893 330 1040 405 periculis
1053 340 1104 393 aut

87 423 252 488 eanimum
268 418 436 493 disciplinis
451 417 595 476 excreuit.
626 416 789 474 Mummius
804 422 865 473 tam
876 414 962 474 rudis
978 415 1048 485 luit,
1070 424 1104 476 ut

121 514 210 578 capta
222 503 362 563 Corintho
378 517 446 559 oum
458 499 659 559 maximorum
673 498 823 557 artificum
838 500 992 573 perlectas
1007 499 1102 557 mani·

122 590 178 646 bus
190 586 308 645 tabulas
321 601 357 643 ao
369 591 485 643 statuas
496 582 527 642 in
538 582 655 642 ltaliam
667 582 835 655 portandas
847 583 971 653 locaret,
985 581 1103 643 iuberet

122 669 256 744 praedici
277 666 533 737 conducentibus,
560 668 659 726 sicas
682 665 902 739 perdidissent,
930 682 1029 725 novas
1046 682 1101 727 eos

88 752 303 819 creddituros.
332 752 399 810 Non
417 759 515 810 tamen
539 759 611 823 puto
630 750 766 821 dubites,
781 748 891 817 Vinici,
916 750 988 822 quin
1003 750 1102 825 magis

118 852 175 911 pro
197 835 355 908 republica
376 834 466 893 luerit
485 849 609 892 manere
628 833 729 891 adhue
757 832 864 891 rudem
880 832 1103 893 Corinthiorum

118 920 316 989 intellectum,
334 933 425 991 quam
441 918 470 974 in
486 924 601 977 tanturn
617 932 654 974 ea
668 915 801 989 intelligi,
824 922 854 973 et
869 914 942 988 quin
954 915 1013 975 hac
1029 932 1101 991 pru-

119 1002 221 1061 dentia
235 1002 286 1060 illa
299 1001 501 1075 imprudentia
513 999 617 1059 decori
630 1000 753 1073 publico
767 997 856 1058 luerit
862 1000 1102 1060 convenientior.

202 1086 282 1143 XlV.
323 1084 397 1144 Cum
418 1083 537 1142 facilius
554 1083 704 1157 cuiusque
724 1082 769 1140 rel
791 1083 820 1140 in
837 1099 929 1141 unum
945 1090 1102 1143 contracta

119 1169 257 1243 species,
274 1184 365 1241 quarn
381 1168 481 1227 divisa
493 1167 682 1241 temporibus
698 1164 795 1225 oculis
811 1166 983 1239 animisque
996 1166 1100 1226 inhae-

118 1258 192 1325 reat,
215 1251 304 1311 statui
318 1252 452 1326 priorem
466 1251 557 1310 huius
572 1250 735 1310 voluminis
750 1250 1016 1324 posterioremque
1030 1266 1100 1324 pur-

119 1344 178 1394 tem
200 1352 261 1394 non
281 1335 376 1393 inutili
399 1350 499 1394 rerum
520 1333 626 1393 notitia
646 1334 676 1393 in
700 1340 795 1391 artum
817 1339 973 1392 eontracta
994 1334 1100 1393 distin-

118 1435 211 1493 guere
226 1425 318 1492 atque
329 1418 400 1477 huio
415 1419 484 1477 loco
496 1419 631 1477 inserere
643 1433 723 1491 quae
739 1431 862 1490 quoque
877 1424 1014 1490 tempore
1029 1423 1101 1492 post

118 1504 245 1562 Romam
256 1517 275 1559 a
288 1502 379 1560 Gallis
393 1508 512 1575 captam
524 1500 655 1559 deducta
669 1501 708 1559 sit
723 1501 843 1560 colonia
858 1500 946 1559 iussu
957 1509 1098 1570 senatus;

118 1601 189 1643 nam
203 1583 374 1643 militarium
389 1590 420 1642 et
430 1600 542 1644 causae
558 1591 588 1642 et
599 1590 741 1644 auctores
756 1600 796 1642 ex
813 1584 950 1657 ipsarum
966 1584 1099 1659 praetul-

118 1674 191 1741 gent
205 1667 336 1725 nomine.
368 1667 445 1724 Huic
459 1669 503 1726 rei
521 1683 577 1740 per
591 1666 672 1725 idem
687 1674 809 1741 tempus
825 1668 976 1726 civitatem
989 1683 1099 1742 propa-

119 1757 219 1822 gatam
244 1757 427 1821 auctumque
446 1752 617 1809 Romanum
645 1766 756 1808 nomen
787 1751 1003 1811 communione
1025 1750 1100 1810 iuris

85 1850 103 1901 2
120 1832 201 1891 lraud
216 1832 429 1906 intempestive
445 1833 613 1893 subtexturi
628 1834 776 1893 videmur.
811 1834 885 1893 Post
907 1843 1024 1908 septem
1047 1850 1100 1893 an-

120 1931 186 1989 nos,
200 1932 291 1989 quam
303 1916 378 1975 Galli
394 1918 500 1975 urbem
513 1923 668 1990 ceperunt,
685 1915 818 1977 Sutrium
834 1917 966 1977 deducta
981 1918 1100 1978 colonia

120 2006 167 2059 est
181 2007 212 2059 et
226 2007 297 2073 post
309 2015 420 2058 annum
437 1999 520 2059 Setia
534 2015 707 2074 novemque
718 2000 882 2061 interiectis
897 2002 986 2060 annis
997 2002 1099 2075 Nepe;

120 2083 230 2141 deinde
245 2084 432 2156 interpositis
448 2084 570 2145 duobus
591 2091 621 2142 et
639 2082 759 2157 triginta
773 2084 887 2141 Aricini
901 2086 932 2143 in
949 2085 1100 2143 civitatem

87 2167 242 2239 3reoepti.
277 2166 398 2225 Abhinc
425 2184 523 2226 annos
555 2174 654 2226 autem
683 2174 836 2227 trecentos
861 2169 1022 2241 soxagmta
1045 2166 1099 2246 Sp.

118 2250 289 2323 Postumio,
311 2252 438 2310 Veturio
455 2251 578 2310 Calvino
601 2252 780 2310 oonsulibus
794 2251 955 2324 Campanis
968 2252 1039 2311 data
1054 2256 1101 2310 est

119 2332 225 2393 civitas
247 2334 389 2407 partique
404 2333 581 2392 Samnitium
597 2335 664 2393 sine
677 2334 833 2406 suffragio,
850 2342 880 2392 et
894 2336 1003 2394 eodem
1018 2350 1099 2393 anno

91 2414 207 2473 lcules
220 2417 350 2474 deducta
363 2417 492 2475 colonia.
518 2417 677 2475 Interieeto
694 2418 805 2475 deinde
820 2417 949 2477 triennio
959 2416 1100 2477 Fundani

118 2497 305 2556 etForrniani
319 2499 349 2555 in
367 2498 517 2557 civitatem
534 2499 649 2573 recepti
666 2500 780 2573 eoipso
792 2516 882 2573 ann0‚
896 2518 956 2574 quo
966 2502 1099 2559 Alexan-

118 2580 192 2638 drea
206 2580 328 2638 condita
343 2589 404 2653 est,
421 2581 715 2655 insequentibusque
733 2583 911 2643 oonsulibus
940 2600 959 2643 a
979 2583 1095 2657 spro-

118 2662 237 2733 stumIo,
253 2663 512 2723 PhilonePublllio
530 2666 710 2725 censoribus
723 2667 889 2726 Acerranis
905 2669 976 2726 datu
991 2666 1099 2726 civitas

118 2754 147 2804 et
162 2753 233 2820 post
255 2747 415 2805 triennium
430 2746 594 2807 Tarracina
609 2750 741 2810 deducte
763 2750 882 2810 colonia
903 2750 1094 2824 interposito·

118 2845 179 2903 que
205 2829 404 2904 quadriennio
430 2832 560 2891 Luceria
585 2848 620 2893 ae
647 2835 758 2893 deinde
784 2835 939 2894 interiecto
969 2834 1099 2893 triennio

119 2911 236 2973 Suessa
246 2916 392 2974 Aurunca
407 2924 437 2975 et
449 2915 590 2990 Saticula,
606 2918 837 2992 Interamnaque
848 2925 920 2991 post
932 2917 1098 2976 biennium.

92 2998 229 3056 5Decem
253 2999 363 3056 deinde
384 2999 444 3060 hoc
459 3017 585 3059 munere
600 3002 670 3059 anni
696 3010 897 3071 vacaverunt3
927 3008 998 3060 tunc
1020 3000 1099 3061 Sora

117 3088 209 3153 atque
223 3082 303 3139 Alba
320 3084 470 3143 deductae
486 3085 633 3155 coloniae,
650 3092 679 3142 et
694 3084 830 3143 Carseoli
846 3092 918 3158 post
932 3085 1097 3143 biennium.

116 3165 157 3221 At
168 3163 200 3235 Q.
212 3163 307 3223 Fabio
322 3167 466 3240 quintum,
480 3167 572 3226 Decio
583 3167 668 3225 Mure
681 3176 819 3241 quartum
833 3168 1021 3242 consulibus,
1035 3184 1097 3242 quo

118 3263 198 3306 anno
219 3246 353 3322 Pyrrhus
374 3265 504 3322 regnare
530 3251 644 3323 eoepit,
673 3250 851 3310 Sinuessam
866 3253 1098 3325 Minturnasque

116 3330 203 3389 missi
219 3331 329 3403 coloni,
344 3341 417 3405 post
433 3333 663 3407 quadriennium
675 3336 859 3403 Venusiam;
877 3336 1098 3409 interiectaque

116 3412 239 3474 biennio
261 3415 310 3473 Μ’.
333 3415 422 3475 Curio
439 3425 468 3476 et
485 3416 594 3477 Rutino
608 3417 747 3478 Cornelio
773 3418 952 3477 oonsulibus
973 3418 1097 3477 Sabinis
