2266 3832
109 191 152 253 96
470 202 576 252 rnoru
589 202 755 252 arraona.

110 355 208 420 nibus
238 354 305 418 suis
328 352 394 436 legi
415 355 629 440 concupiscit,
657 375 763 440 neque
783 375 883 419 causa
910 376 1020 443 neque
1041 378 1111 421 con·

112 439 186 504 silio
207 459 246 502 ac
266 459 308 500 ne
330 438 522 522 imaginaria
544 438 674 525 quidem
695 437 776 503 belli
794 438 977 503 indictione
983 487 993 521 ,
1022 442 1111 527 quasi

111 523 174 587 hoc
196 542 322 608 quoque
344 542 387 584 ex
407 529 476 586 arte
498 522 590 587 ducis
618 530 704 586 esset
725 521 898 608 obrepere,
927 520 1046 588 relicta
1065 546 1109 587 re-

89 614 210 693 spcnte
231 603 328 690 Syria
355 605 391 666 in
418 604 556 670 Parthos
584 605 740 704 impetum
766 604 856 671 facit.
878 626 963 690 gons
983 616 1110 693 praeter

82 741 85 745 .
113 709 276 753 armorum
295 687 449 753 fiduciam
465 688 584 753 callida
607 687 736 753 simulat
751 688 1004 786 trepidationem
1026 698 1059 754 et
1078 692 1110 753 in
1129 728 1133 745 .<

112 793 242 857 campos
267 771 389 854 fugam.
413 781 445 835 ct
465 771 640 836 hicststim
662 773 755 859 quasi
776 780 882 837 vrctor
905 772 1109 873 sequebatur,

111 877 185 920 curn
212 853 318 919 subito
343 875 404 917 nec
430 876 550 939 magna
576 856 718 921 hostium
737 877 852 920 manus
879 877 924 920 ex
941 857 1109 943 mprcviso

112 948 145 1003 et
169 939 234 1001 iam
256 939 290 1001 in
313 937 418 1001 fessos
440 940 495 1002 via
519 939 579 1002 sub
606 960 742 1026 vespere
768 938 860 1003 velut
882 938 1016 1005 nimbus
1042 962 1108 1004 ern·

88 1020 769 1191 .lttl¹t{ttttlllttlttlttttt¹t
781 1024 880 1171 .t.¹·¹.⁰⁸
894 1034 1131 1193 tumtur

858 1154 867 1187 2

114 1199 235 1253 aterum
257 1188 344 1253 diem
368 1189 561 1272 inminebat,
590 1191 655 1253 nisi
681 1191 911 1254 intervenisset
935 1190 1036 1255 deum
1054 1191 1108 1253 mi-

113 1274 242 1337 seratio.
266 1295 349 1336 unus
375 1294 417 1336 ex
441 1272 533 1337 clade
555 1273 730 1338 Crassiana
749 1272 902 1339 Parthico
924 1268 1042 1339 ha'bitu
1061 1294 1109 1337 ca

114 1357 191 1421 stris
213 1357 379 1455 adequitat
400 1365 432 1420 et
454 1356 557 1421 salute
577 1357 694 1421 Latine
716 1357 806 1439 data,
828 1377 904 1421 cum
922 1355 1053 1423 fidemi
1076 1376 1109 1421 so

89 1462 263 1512 ssermone
285 1441 431 1522 lecisset,
457 1441 536 1525 quid
559 1442 731 1505 inmineret
755 1440 899 1521 adfluit:
932 1441 1001 1504 iam
1020 1461 1041 1505 a
1098 1476 1109 1487 ·

111 1535 219 1588 turum
248 1544 322 1586 cum
347 1522 495 1586 omnibus
524 1525 625 1610 copiis
654 1545 780 1609 regem,
807 1522 892 1587 irent
911 1532 1001 1589 retro
1046 1531 1133 1589 ater

112 1614 248 1692 rentque
265 1607 399 1670 montis:
420 1607 467 1669 sic
482 1628 609 1693 quoquc
620 1607 745 1672 hostem
755 1607 894 1671 fortasse
906 1628 975 1672 non
987 1546 1108 1674 delore.

113 1698 209 1775 atque
230 1691 277 1752 ita
304 1698 414 1752 secuta
436 1697 485 1752 est
510 1692 682 1755 minervis
703 1689 845 1755 hostium
863 1711 960 1776 quam
976 1692 1109 1755 inmine-

87 1772 184 1854 ssbat3
207 1772 312 1836 adfuit
331 1781 450 1836 tamen.
472 1772 598 1837 deletae
613 1773 758 1862 rehquae
776 1774 889 1873 copiae
905 1774 1030 1857 forent,
1047 1774 1111 1837 nisi

112 1855 326 1939 urguentibus
353 1854 426 1919 telis
452 1857 488 1919 in
512 1857 645 1922 modum
673 1856 843 1942 grandinis
869 1856 1004 1943 quidam
1027 1858 1110 1923 forte

113 1940 206 2026 quasi
228 1939 316 2003 docti
336 1937 585 2025 procubuissent
604 1943 639 2005 in
666 1962 774 2025 genua
797 1940 932 2023 milites,
960 1950 993 2007 et
1016 1941 1108 2006 elatis
1123 1961 1133 1985 2¹

114 2045 212 2109 supra.
237 2025 344 2109 capita
372 2025 471 2087 scutis
499 2046 667 2089 caesorum
700 2024 841 2110 speciem
872 2022 1108 2109 praebuissent.

89 2117 191 2175 stunc
211 2107 349 2171 Parthus
371 2129 465 2171 arcus
488 2107 638 2172 inhibuit.
663 2107 740 2171 dein
760 2129 872 2172 rursus
893 2129 968 2173 cum
990 2129 1025 2172 se
1048 2107 1109 2173 Rc·

113 2193 202 2255 mani
223 2191 430 2273 extulissent,
452 2191 533 2256 adeo
553 2213 605 2255 res
623 2191 779 2255 miraculo
799 2190 876 2273 fuit,
899 2200 1013 2255 utnon
1026 2212 1110 2255 unus

113 2298 157 2339 ex
167 2274 315 2338 barbaris
330 2275 455 2340 miserit
472 2297 583 2340 vocem
603 2276 659 2339 ‘ite
679 2285 711 2338 et
724 2273 809 2339 bene
829 2274 937 2338 valete
953 2274 1109 2340 Romani!

113 2360 227 2422 merito
248 2379 307 2422 vos
331 2360 471 2423 victores
494 2359 581 2422 fama
601 2358 747 2444 gentium
766 2358 922 2445 loquitur,
951 2359 1009 2445 qui
1032 2358 1130 2422 Par-1

113 2441 242 2504 thorum
261 2440 328 2503 tela
349 2441 504 2524 fugistis'
526 2464 593 2506 non
612 2444 718 2507 minor
739 2464 782 2507 ex
801 2442 857 2506 via.
875 2450 989 2527 postea
1014 2463 1111 2529 quam

87 2522 157 2585 aab
179 2521 325 2585 hostibus
348 2532 480 2608 accepta
500 2525 619 2591 clades.
641 2525 761 2589 infesta
775 2524 914 2610 primum
930 2525 986 2589 siti
1009 2526 1109 2610 regio,

112 2614 182 2668 tum
193 2604 386 2690 quibusdam
407 2606 600 2672 salmacidae
621 2609 820 2690 infestiores,
834 2609 1012 2673 novissime
1027 2630 1110 2709 quae

87 2690 178 2751 tiam
197 2688 239 2750 ab
261 2688 415 2753 invalidis
439 2700 471 2754 et
499 2691 594 2756 avide
616 2691 848 2757 hauriebantur
875 2712 982 2758 noxae
1013 2702 1111 2757 stram

112 2770 223 2835 dulces
245 2772 347 2835 fuere.
369 2794 447 2838 mox
468 2784 501 2838 et
521 2775 652 2839 ardores
671 2797 730 2860 per
750 2776 940 2840 Arm0niam
960 2784 993 2839 et
1010 2776 1109 2843 nives

111 2876 171 2940 per
200 2853 439 3001 Cappadociam
468 2866 500 2922 et
519 2856 694 2945 ¹utriusque
726 2859 809 2924 caeli
841 2857 950 2924 subita
974 2860 1111 2925 mutatio

67 2955 100 3006 10
133 2959 170 3001 rc
218 2948 266 3001 est

111 2957 295 3120 legicllibus
318 3020 458 3108 reliqua,
486 3047 560 3089 cum
583 3047 620 3089 ar
644 3035 754 3090 entum
780 3047 850 3090 erus
878 3026 1003 3111 passim
1023 3024 1110 3091 dola·

111 3103 179 3167 brrs
201 3105 440 3188 concideretur,
468 3117 500 3171 et
521 3048 659 3174 subinde
680 3111 765 3174 inter
784 3130 891 3174 moras
912 3118 1051 3175 mortem
1069 3108 1110 3173 ab

111 3187 289 3272 gladiatore
311 3210 369 3253 suo
389 3189 569 3275 flagitasset
591 3195 741 3277 egregius
768 3195 956 3279 imperator,
977 3193 1124 3258 tandem

112 3272 257 3356 perfugit
283 3273 317 3335 in
345 3271 488 3360 Syriam,
517 3274 574 3339 ubi
600 3276 786 3340 incredibili
819 3275 959 3362 quadam
992 3277 1109 3342 mentis

111 3357 285 3420 vaecordia
302 3356 441 3421 ferociar
465 3359 617 3414 ullamne
649 3359 747 3406 aas„
781 3369 824 3406 ὀ*
861 3359 956 3430 ovrflsi
965 3360 1108 3439 vicisset,

132 3440 183 3486 uic
203 3461 213 3482 ι
233 3449 349 3490 “sams

292 2941 379 3002 entia
399 2941 471 3004 fuit.
508 2945 555 3006 sic
583 2943 643 3006 vix
669 2944 765 3006 tertia
791 2950 884 3042 parte
906 2941 948 3006 de
968 2942 1111 3007 sedecim
