2266 3832
269 230 478 293 HISTORIAE
500 232 692 294 Romanae
713 236 755 308 ΙΙ,
777 246 837 298 105.
1004 236 1045 300 tl

10 401 12 410 ·
63 383 177 459 inquit,
192 380 379 457 reipublicae
394 399 488 443 eausa
502 384 591 442 facio.
625 384 691 444 Non
707 384 759 444 diu
773 386 925 446 vindicem
941 397 1042 448 custo·
1058 394 1075 447 2

63 468 197 543 demque
211 466 318 541 imperi
334 467 380 526 sui
395 473 511 527 morata
525 465 555 526 in
571 466 647 526 urbe
663 467 760 543 patria
773 469 911 542 protinus
927 470 956 528 in
971 473 1043 530 Ger·

63 551 196 611 maniam
216 552 309 623 misit,
335 550 387 609 ubi
407 557 477 610 ante
498 549 659 609 triennium
683 552 741 611 sub
764 553 803 611 M.
819 554 956 624 Vinicio,
984 569 1042 614 avo

10 707 13 714 ¹
62 642 134 709 tuo,
150 634 320 694 clarissimo
337 634 418 706 viro,
439 634 618 693 immensum
635 644 794 696 exarserat
807 637 919 695 bellum
935 645 965 697 et
979 648 1043 698 erat

63 718 104 779 ab
114 734 153 779 eo
167 718 349 793 quibusdam
364 717 393 776 in
411 717 486 777 locis
502 724 632 791 gestum,
648 718 830 792 quibusdam
842 727 1043 781 sustentatum

64 802 207 873 feliciter,
228 816 329 875 eoque
344 801 465 860 nomine
481 801 603 861 decreta
619 800 647 859 ci
662 817 730 860 curn
745 803 976 876 speciosissima
997 806 1041 865 in—

64 884 231 961 scriptione
253 899 380 960 operum
401 892 576 944 ornamenta
599 885 801 959 triumphalia.
836 888 903 947 Hoc
923 895 1075 963 tempustt

62 984 128 1043 me,
142 971 277 1029 functum
293 975 361 1027 ante
377 968 545 1038 tribunatu,
567 977 737 1028 castrorum
751 962 794 1028 Ti.
811 970 950 1030 Caesaris
966 973 1041 1031 mili·

62 1058 125 1113 tem
145 1053 231 1112 fecit=
253 1052 369 1126 quippe
392 1050 529 1124 protinus
551 1052 589 1109 ab
610 1052 775 1126 adoptione
789 1054 903 1114 missus
920 1071 987 1114 cum
1003 1070 1041 1115 eo

62 1137 238 1213 praelectus
253 1135 387 1210 equitum
403 1137 431 1193 in
445 1134 652 1208 Germaniam,
668 1151 834 1196 successor
848 1138 929 1198 offici
946 1138 1041 1213 patris

62 1219 140 1294 mei,
160 1219 450 1280 coelestissimorum
465 1220 532 1277 eius
549 1233 675 1292 operum
698 1234 753 1293 per
767 1236 864 1280 annos
880 1222 1040 1283 continuos

62 1319 174 1365 novem
190 1304 363 1378 praefectus
381 1308 432 1361 aut
449 1303 567 1376 legatus
589 1308 744 1376 spectator
759 1310 789 1362 et
803 1319 858 1376 pro
875 1312 963 1379 captu
979 1322 1040 1364 me-

62 1385 231 1448 diocritatis
246 1402 332 1444 meae
346 1385 467 1445 adiutor
488 1386 539 1445 fui.
571 1385 678 1459 Neque
697 1385 738 1445 illi
760 1388 954 1459 spectaculo,
981 1395 1071 1463 quot

63 1470 179 1531 fructus
204 1487 288 1543 sum,
314 1470 411 1530 simile
433 1469 572 1529 condicio
599 1470 734 1529 mortalis
758 1470 897 1543 recipcre
922 1471 1043 1531 videtur

62 1553 150 1625 mihi,
178 1570 246 1614 cum
266 1571 323 1630 per
344 1552 569 1612 celeberrimam
590 1553 694 1612 Italiae
718 1561 835 1628 partem
860 1561 891 1613 et
913 1560 1040 1614 tractum

63 1652 183 1716 omnem
196 1638 310 1697 Galliae
325 1638 547 1711 prouinciarum
560 1644 692 1696 veterem
704 1637 917 1711 imperatorem
931 1645 960 1697 et
972 1645 1042 1697 ante

62 1721 176 1781 meritis
192 1738 228 1780 ae
243 1721 357 1781 viribus
374 1738 465 1796 quarn
480 1720 601 1781 nominc
617 1721 777 1781 Caesarem
798 1722 967 1781 revisentes
982 1721 1041 1781 sibi

62 1804 195 1881 quisque
211 1822 301 1880 quam
323 1805 364 1863 illi
379 1806 600 1879 gratularentur
615 1806 744 1878 plenius.
773 1807 813 1864 At
828 1822 901 1866 vero
917 1807 1073 1870 militans

62 1897 233 1964 conspectu
248 1888 314 1947 eius
335 1890 453 1948 elicitae
473 1889 586 1963 gaudio
609 1888 765 1961 lacrimae,
792 1890 997 1963 alacritasque
1012 1896 1042 1948 ct

61 1972 254 2033 salutationis
265 1986 346 2030 nova
358 1972 507 2044 quaedam
519 1972 663 2030 exultatio
676 1979 706 2030 et
713 1971 908 2045 contingendi
919 1989 1040 2031 manum

61 2054 214 2129 cupiditas
229 2070 290 2113 non
306 2055 535 2127 continentium,
552 2055 690 2126 protinus
707 2055 778 2128 quin
795 2055 975 2113 adiicerent:
998 2055 1041 2113 vi-

61 2140 170 2199 demus
186 2145 230 2211 te,
246 2137 424 2211 imperator!
440 2138 557 2197 salvum
573 2139 759 2212 recepimus!
782 2153 817 2195 ac
833 2136 961 2196 deinde=
983 2154 1040 2210 ego

61 2228 177 2293 tecum,
199 2220 378 2295 imperator,
395 2222 425 2280 in
440 2221 599 2292 Armenia,
615 2237 673 2294 ego
689 2222 718 2278 in
734 2221 860 2280 Rhaetia
876 2220 933 2292 fui,
950 2236 1008 2295 ego
1025 2239 1043 2280 a

60 2313 91 2365 te
112 2306 141 2364 in
158 2303 343 2373 Vindelicis,
366 2320 423 2379 ego
444 2306 474 2363 in
490 2305 662 2379 Pannonia,
683 2320 741 2378 ego
763 2305 793 2363 in
810 2304 971 2364 Germania
986 2305 1041 2363 do-

62 2397 152 2450 natus
174 2405 257 2461 sum,
278 2405 379 2463 neque
400 2388 502 2448 verbis
524 2388 652 2463 exprimi
674 2395 703 2447 et
719 2390 850 2448 fortasse
864 2388 916 2446 vix
931 2385 1040 2446 mereri

62 2473 153 2533 fidem
170 2480 280 2547 potest.

145 2556 205 2616 CV.
238 2558 349 2617 lntrata
368 2557 508 2633 protinus
531 2557 705 2631 Germania,
732 2556 851 2617 subacti
873 2555 1072 2628 Ganinifati‚l

60 2640 194 2714 Attuari,
210 2640 361 2714 Bructeri,
376 2641 492 2715 recepti
507 2639 662 2715 Cherusci,
677 2642 790 2715 (gentis
807 2641 871 2700 eius
890 2638 1044 2700 Arminius

61 2740 132 2785 mox
154 2731 258 2784 nostra
274 2724 361 2783 clade
375 2723 515 2796 nobilis),
537 2726 682 2785 transitus
703 2725 860 2798 Visurgis,
885 2729 1043 2797 penetrata

60 2807 219 2871 ulteriora.
242 2823 311 2866 cum
333 2822 453 2866 omnem
475 2814 591 2881 partem
613 2808 773 2881 asperrimi
795 2816 825 2865 et
844 2807 1042 2880 periculosis·

61 2891 130 2951 simi
155 2891 226 2950 belli
249 2891 362 2951 Caesar
382 2890 565 2963 vindicaret,
592 2890 621 2948 in
643 2889 681 2948 iis
704 2907 784 2964 quae
808 2890 934 2947 minoris
957 2896 1043 2947 erant

60 2972 262 3047 discriminis,
285 2973 421 3033 Sentium
438 2972 647 3043 Saturninum,
670 2974 721 3046 qui
738 2973 796 3031 iam
813 2972 930 3044 legatus
948 2972 1042 3043 patris

58 3056 128 3118 eius
143 3056 172 3116 in
189 3056 351 3117 Germania
366 3060 479 3125 fuerat,
496 3056 711 3130 praefecisset,
734 3056 830 3114 virum
846 3054 1043 3127 multiplicem

59 3140 90 3200 in
111 3140 289 3214 uirtutibus,
315 3157 442 3214 navum,
470 3141 593 3215 agilem,
621 3139 783 3214 providum
811 3135 1043 3211 militariumque

61 3222 234 3286 officiorum
249 3226 411 3298 patientem
427 3240 464 3284 ac
480 3225 607 3298 peritum
623 3220 745 3298 pariter,
761 3222 816 3282 sed
833 3222 973 3288 eundem,
989 3220 1041 3279 ubi

61 3308 184 3383 negotia
205 3308 352 3369 fecissent
373 3310 474 3368 locum
489 3307 568 3381 otio,
596 3306 757 3367 liberaliter
777 3307 920 3380 lauteque
935 3320 972 3363 eo
989 3304 1040 3362 ab·

59 3398 211 3463 utentem,
237 3392 278 3450 itu
298 3399 413 3463 tamen,
439 3398 472 3450 ut
493 3407 560 3451 eum
583 3390 776 3465 splendidum
798 3397 890 3463 atque
916 3388 1042 3446 hilarem

59 3476 164 3551 potius
179 3490 271 3549 quam
286 3472 476 3535 luxuriosum
499 3483 550 3534 aut
570 3473 707 3534 desidem
731 3474 866 3539 diceres;
893 3473 931 3531 de
954 3470 1041 3530 cuius
