2266 3832
148 233 189 294 36
504 235 744 292 EUTROPll

75 409 130 470 iu.
144 404 183 461 tio
195 399 327 461 auxilinm
338 399 458 476 ferebat,
467 398 582 457 occidit.
604 398 673 458 Post
684 399 754 458 haec
766 397 844 459 Sulla
856 398 1072 466 dellithridate

85 496 131 537 ott-
145 487 251 563 ingenti
263 484 354 561 gloria
364 483 553 560 triumphavit.
575 481 625 543 Cn.
639 485 721 541 etiam
728 481 890 560 Pompeius,
904 487 982 563 qnod
997 489 1070 550 nulli

142 569 332 639 Romanorum
343 567 475 626 tributum
487 576 557 642 crat,
571 575 698 644 quantum
712 575 739 625 et
751 587 797 625 xx.
810 585 910 627 annum
922 587 1018 648 agens
1032 573 1070 633 de

77 669 134 709 au,
143 653 239 710 Africa
249 651 438 728 triumphavit.
471 649 552 707 Hunc
563 649 644 708 linem
658 650 813 709 habuerunt
826 651 881 710 duo
893 652 970 712 heila
982 655 1068 716 fune·

84 735 130 778 ⁸²³·
143 737 275 812 sissima,
289 734 433 810 Italicum,
448 731 524 813 quod
547 741 576 792 et
587 732 695 791 sociale
707 732 811 793 dictum
825 745 886 812 est,
914 745 944 796 et
963 739 1066 818 civile,

143 838 216 900 quae
228 820 309 878 ambo
324 827 412 878 tracta
429 827 493 877 sunt
506 834 556 894 per
567 833 656 876 annos
672 815 782 877 decem.
816 815 1068 898 Consumpserunt

45 964 50 975 ,
140 902 211 962 ultra
224 924 259 964 cn
277 903 352 962 milia
365 903 517 976 hominnm,
533 902 611 959 vinos
625 900 790 960 consulares
802 922 880 979 xmv,
897 908 1066 980 praetorios

140 1008 192 1063 vu,
206 987 353 1047 aedilicius
369 1007 415 1062 nx,
433 995 581 1046 senatores
594 984 655 1043 iere
667 1005 713 1044 ce.

499 1181 698 1192 -u——————-·‹

383 1318 806 1390 llnlnsnxils·

545 1451 665 1462 9,...-

410 1523 756 1576 ΑΗΙΙΗΗΗΙ.

189 1646 213 1696 1.
232 1646 330 1697 Bellum
347 1646 518 1698 Sertorianum
535 1647 561 1696 in
579 1646 701 1711 Hispania
717 1646 771 1694 eius
788 1650 890 1694 auctore
908 1657 924 1692 s
942 1645 1001 1695 suis
1017 1662 1061 1699 oo·

141 1719 193 1766 eisc
211 1717 316 1767 linitum.
359 1715 384 1767 2.
403 1715 501 1765 Bellum
516 1717 542 1764 in
559 1715 708 1765 Macedonia
725 1721 749 1763 et
766 1713 927 1764 conterminis
944 1715 1064 1780 regioni·

140 1787 222 1835 buset
237 1785 377 1850 triumphus
387 1783 511 1835 Scribonii
521 1783 637 1834 Curionis
655 1785 713 1833 inde
730 1791 809 1840 actus.
835 1778 862 1832 3.
872 1778 973 1832 Servilii
989 1785 1062 1834 lsau-

140 1856 202 1914 ricl,
231 1855 275 1917 qni
293 1863 317 1904 ct
334 1856 430 1920 primus
447 1854 556 1903 Taurum
572 1855 726 1919 penetravit,
755 1853 786 1902 de
806 1849 910 1911 Cilicia,
936 1849 1016 1916 Lycia
1035 1868 1063 1903 ct

140 1924 233 1972 Isauris
250 1924 369 1973 victoriae
389 1931 414 1973 et
430 1922 581 1989 triumphus.
606 1919 633 1972 4.
653 1922 748 1971 Bellum
765 1922 791 1970 in
808 1919 905 1985 Illyrico
924 1919 1062 1972 etDalma-

139 1992 175 2042 tia
193 2007 208 2040 n
226 1990 350 2043 Cosconio
367 2007 488 2058 prospere
506 2000 615 2057 gestum.
642 1991 667 2041 5.
685 1990 776 2056 Lepidi
795 1989 905 2038 consulis
920 1997 1006 2040 motus
1017 1990 1061 2041 'ci-

139 2062 202 2110 viles
220 2062 346 2127 oppressi,
375 2070 399 2112 et
415 2061 535 2127 triumphi
554 2061 693 2126 aliquorum
717 2061 819 2111 ducum.
852 2055 878 2119 6.
896 2055 1059 2122 Nicomedes,

138 2130 270 2196 Bithyniae
286 2146 340 2191 rex,
359 2133 468 2181 moriens
479 2130 607 2181 Romanos
627 2131 688 2180 iacit
705 2128 821 2181 heredes.
850 2125 997 2190 Sequuntur
1013 2143 1060 2180 va·

138 2201 176 2248 ria
194 2200 269 2261 bella,
288 2201 368 2251 veluti
384 2200 580 2251 Mithridaticum
597 2201 713 2258 tertium3
748 2193 773 2248 7.
791 2196 884 2247 servile
901 2210 917 2245 a
934 2195 1059 2262 Spartaco

140 2270 292 2319 concitatum
310 2277 334 2318 et
351 2277 409 2335 post
426 2272 517 2319 multas
543 2269 697 2318 calamitates
716 2282 732 2316 a
748 2266 846 2316 Licinio
864 2263 954 2315 Crasso
982 2267 1058 2316 tertio

138 2352 203 2386 atino
227 2339 410 2401 compositum
439 2335 465 2390 8.
484 2337 660 2395 Mithridatici,
679 2336 810 2401 Tigranis,
826 2333 961 2384 Anmeniae
977 2336 1058 2402 regis,

137 2405 232 2454 auxilio
248 2405 394 2466 commati,
413 2407 565 2455 continuatio
583 2416 607 2454 et
625 2402 651 2456 9.
672 2404 773 2454 fortuna
789 2404 914 2463 sccunda3
935 2402 976 2453 10.
998 2419 1058 2454 con-

137 2484 176 2521 tra
191 2471 301 2522 Thracas
319 2481 343 2522 et
360 2474 469 2523 Danubii
486 2473 598 2532 accolas3
624 2473 723 2522 Luculli
741 2473 886 2536 utriusque,
913 2474 955 2536 qui
974 2472 1056 2523 duces

138 2541 246 2601 linerent,
264 2541 395 2606 triumphi;
419 2541 462 2591 ll.
483 2542 605 2592 Creticum
623 2543 727 2592 subacta
744 2541 828 2591 insula
845 2557 861 2591 a
878 2541 979 2591 Metello
997 2555 1058 2593 aon·

139 2609 241 2660 fectum.
276 2609 368 2674 Apion,
388 2611 483 2675 Libyae
500 2627 555 2671 rex,
573 2612 698 2676 populum
706 2611 849 2660 Romanum
859 2610 979 2661 heredem
996 2625 1057 2661 con-

129 2679 232 2740 ,stituit3
253 2677 437 2741 12.piraticum
453 2679 583 2744 Pompeio,
601 2680 798 2730 Mithridaticum
813 2679 904 2729 codem
914 2679 978 2729 duco
997 2693 1057 2745 pro·

138 2748 260 2812 lligatum.
296 2745 337 2800 13.
358 2745 399 2797 14.
419 2748 503 2797 Rasa
528 2749 647 2814 Pompeio
672 2756 759 2799 contra
782 2747 918 2815 Tigranem
942 2748 1057 2811 aliosque

137 2817 214 2864 Asiae
237 2831 310 2881 reges
335 2824 359 2864 et
384 2817 492 2881 populos
518 2826 605 2883 gestae
625 2827 649 2866 et
671 2833 808 2884 regnorum
832 2817 891 2867 inde
915 2818 1055 2868 conversio.

140 2884 181 2936 15.
203 2883 348 2935 Coniuratio
371 2883 524 2936 Catilinarie.
563 2883 605 2937 16.
625 2887 718 2936 Metelli
744 2894 768 2935 et
786 2886 900 2952 Pompeii
924 2885 1055 2952 triumphi.

140 2949 181 3002 17.
199 2953 255 3002 lulli
275 2952 389 3004 (laeseris
407 2954 502 3004 bellum
521 2954 653 3005 Gallicum.
681 2953 724 3007 18.
741 2954 826 3005 Crassi
843 2955 987 3007 Parthicum
996 2969 1055 3004 cum

139 3022 193 3070 eius
215 3037 277 3071 nece
301 3031 326 3073 et
344 3024 468 3072 exercitus
487 3024 558 3074 clade
577 3033 686 3090 gestum.
723 3020 766 3077 19.
785 3024 883 3075 Bellum
899 3024 972 3075 civile
989 3025 1056 3087 inter

139 3089 272 3140 Caesarem
288 3099 313 3142 et
331 3091 493 3157 Pompeium,
518 3096 604 3143 variae
623 3096 678 3144 eius
696 3095 778 3154 vices,
802 3094 973 3160 Pompeioque
986 3088 1055 3143 vicio

140 3168 163 3208 et
181 3160 311 3209 interiecto
330 3169 404 3209 aucta
423 3160 537 3210 Caesaris
556 3164 669 3226 potentia
687 3172 712 3211 et
729 3164 831 3213 occisio.

70 3293 126 3403 aa:
139 3243 1056 3408 a,‚⁰llil„li‘lliillliltllniiiiilllilli

141 3422 317 3490 exarserunt,
330 3431 414 3472 unum
424 3415 451 3472 in
464 3412 615 3491 Hispania,
633 3413 708 3474 aliud
723 3416 752 3472 in
763 3412 925 3492 Pamphylia
940 3422 969 3472 et
986 3411 1054 3473 Gili-
