2266 3832
86 204 126 269 38
441 217 547 267 mom
563 216 728 267 nemon.

60 374 205 458 ⁴sitaque,
228 371 277 435 uti
293 369 424 453 frugum
443 369 567 432 semina
585 376 707 433 mutato
727 366 797 432 solo
814 366 1028 465 degenerant,
1044 369 1087 431 sic

85 455 145 521 illa
161 454 304 540 genuina
325 452 438 515 feritas
459 472 569 516 eorum
584 452 730 515 Asiatica
749 458 946 515 amoemtate
967 448 1088 517 mollita

60 547 146 619 5est.
177 536 303 603 duobus
321 537 430 620 itaque
445 533 578 620 proeliis
595 533 661 598 susi
683 534 720 597 fu
743 534 851 620 atique
872 542 961 615 sunt,
982 552 1087 621 qnam·

86 624 138 685 vis
154 620 214 685 sub
232 619 375 683 adventu
391 618 493 682 hostis
515 616 638 681 relictis
660 617 730 681 sedi
752 638 792 680 us
810 617 845 679 in
861 616 1041 681 altissimos
1055 636 1088 681 sa

85 712 211 768 montes
232 723 306 766 rece
330 703 442 765 issent.
474 699 686 785 Tolostobogi
708 699 892 798 Olympum,
916 698 1104 783 Tectosagis

85 785 227 870 Magaba
238 724 434 849 insederant.
454 783 616 869 utrimque
627 782 738 847 fimdis
749 783 877 867 sagittis
899 802 943 847 ue
953 782 1090 847 detracti

59 871 120 937 sin
141 876 329 954 perpetuam
351 888 386 930 se
406 887 521 951 pacem
541 865 745 930 dediderunt.
768 865 870 930 seda
894 866 978 951 rgati
996 866 1089 929 mIra·

85 951 158 1016 culo
177 951 309 1036 quidam
325 949 426 1030 fuere,
446 970 520 1012 cum
537 958 668 1013 catenas
685 948 846 1014 morsibus
863 956 896 1012 et
912 968 971 1014 ore
991 956 1089 1034 temp
1132 953 1133 997 l

83 1042 222 1115 tassent,
252 1054 326 1097 cum
347 1031 533 1097 offocandas
554 1033 696 1095 invicem
718 1032 829 1095 fauces
849 1029 1088 1115 praebuissent.

84 1138 161 1181 nam
179 1115 386 1201 Orgiacontis
401 1136 486 1179 uxor
503 1135 523 1177 a
539 1115 727 1178 centurione
748 1121 896 1198 stuprum
909 1132 1010 1197 passa
1026 1130 1113 1178 meu

85 1199 236 1272 morabili
262 1197 410 1284 exemplo
439 1197 618 1261 custodiam
641 1198 760 1278 evasit,
785 1194 1016 1283 revolsumque
1036 1194 1088 1259 ad·

83 1283 182 1347 ulteri
204 1282 305 1347 hostis
333 1289 431 1367 capnt
451 1279 494 1343 ad
514 1281 665 1344 maritum
684 1279 872 1365 reportavit.

84 1415 250 1483 XXVIII.
273 1412 459 1480 BELLVM
474 1410 812 1478 MACEDONIOVM
829 1408 1088 1477 SECVNDVM.

17 1559 45 1606 11
65 1543 102 1608 12
173 1532 262 1596 Dum
283 1531 367 1594 aliae
388 1530 535 1616 aliaeque
553 1537 666 1614 gentes
686 1526 814 1614 Syriaci
836 1526 916 1593 belli
938 1537 1091 1595 secuntur

45 1590 223 1695 brumam,
246 1613 438 1679 Macedonia
460 1634 572 1677 nnsns
593 1634 628 1676 se
653 1613 768 1677 erexit.
801 1612 1015 1677 fortissimum
1036 1634 1115 1699 pou

88 1699 200 1785 pulum
216 1698 372 1761 memoria
393 1705 426 1760 et
448 1697 630 1761 recordatio
647 1717 724 1759 suae
740 1694 919 1759 nobilitatis
935 1696 1090 1781 agitabat,

88 1790 120 1846 et
138 1788 338 1845 successerat
354 1778 506 1927 Philippp
522 1778 609 1843 filius
624 1779 753 1862 Perses,
773 1779 830 1865 qui
850 1778 951 1843 semel
969 1780 1092 1866 inper-

112 1872 222 1928 etuum
236 1863 357 1928 victam
375 1884 446 1927 esse
501 1862 690 1928 acedoniam
706 1884 773 1928 non
808 1860 975 1927 utebatox
985 1864 1091 1949 gentis

63 1950 80 2001 3
114 1949 121 1963 ’
172 1948 259 2011 'tate
278 1946 378 2012 multo
395 1947 617 2011 vehementius
632 1946 692 2011 sub
711 1946 772 2010 hoc
785 1884 984 2010 ldacedones
997 1968 1093 2033 quam

92 2053 131 2095 su
175 2040 268 2117 patre
292 2040 465 2116 exurgunt.
499 2031 618 2129 quippe
640 2029 784 2094 Thracas
804 2031 840 2093 in
859 2049 912 2093 res
935 2050 1012 2095 suas
1029 2038 1118 2095 tra-s

89 2124 216 2197 xerant,
235 2115 340 2213 adque
357 2115 404 2179 ita
419 2115 613 2179 industrram
624 2113 841 2178 Macedonum
852 2111 978 2176 viribus
990 2112 1092 2177 Thra

89 2221 172 2281 cum,
195 2199 351 2263 ferociam
367 2198 530 2263 Thracum
554 2197 726 2283 disciplina
741 2195 953 2262 Macedonica
972 2206 1092 2297 tempe

62 2295 214 2346 trevere.
247 2283 386 2345 accessit
406 2282 457 2345 bis
481 2281 651 2346 consilium
672 2281 773 2361 ducis,
797 2280 853 2366 qui
874 2280 972 2345 situm
987 2302 1092 2366 regio-

87 2387 165 2428 num
188 2386 319 2428 suarum
346 2385 366 2427 a
389 2385 512 2429 summo
542 2363 725 2511 ppeoulatus
749 2363 875 2430 Haemo
896 2364 1013 2449 positis
1032 2384 1093 2450 per

87 2448 226 2532 abrupta
247 2449 362 2511 castris
390 2449 436 2510 ita
454 2447 548 2512 Mace
573 2448 680 2511 oniam
705 2468 796 2511 suam
819 2450 917 2513 armis
939 2446 1120 2534 ferroqneu

87 2529 275 2611 vallaverat,
298 2538 334 2593 ut
354 2551 420 2594 non
443 2530 614 2616 reliquisse
634 2531 758 2595 aditum
777 2532 841 2594 nisi
863 2529 995 2596 s·caelo
1015 2552 1093 2596 von-

62 2614 171 2676 oturis
194 2612 343 2677 hostibus
366 2613 541 2678 videretur.
575 2624 684 2677 tamen
706 2615 830 2680 Marcio
846 2613 998 2700 Philippo
1019 2635 1093 2680 con·

91 2695 160 2760 sule
183 2717 254 2759 eam
271 2697 472 2794 provinciam
498 2699 664 2782 ingressus
681 2698 820 2785 populus
838 2698 1014 2779 Romanus,
1038 2720 1093 2762 ex·

88 2778 223 2923 ploratu
254 2778 427 2863 drligenter
458 2781 642 2845 accessibus
671 2802 731 2867 per
757 2782 917 2847 Astudam
939 2780 1094 2867 paludem

119 2862 358 2948 errhaebosque
379 2865 519 2928 tumulos
542 2864 599 2928 illa
620 2863 807 2930 volucribus
828 2886 965 2952 quoque,
989 2875 1028 2928 nt
1045 2865 1125 2927 vi-ss

90 2943 266 3026 debantur‚
295 2948 385 3011 invia
406 2949 557 3030 accessit,
584 2970 759 3034 regemque
781 2970 931 3013 securum
958 2956 991 3012 et
1012 2946 1095 3011 nihil

89 3025 154 3090 tale
183 3037 379 3092 metuentem
409 3031 517 3095 subita
548 3032 627 3096 belli
656 3034 840 3132 imuptione
869 3031 1093 3117 deprehendit.

64 3110 182 3209 deuius
193 3120 284 3209 tanta
301 3114 474 3197 trepidatio
491 3115 562 3197 fuit,
578 3125 615 3179 ut
630 3138 800 3262 pecumam
819 3137 947 3181 omnem
957 3116 993 3179 in
1002 3135 1093 3179 mare

90 3203 222 3257 russerrt
237 3197 342 3278 mergi
359 3218 401 3260 ne
419 3200 549 3281 periret,
569 3209 601 3263 et
616 3219 752 3264 cassem
772 3199 908 3264 cremari
925 3220 967 3263 ne
984 3198 1093 3263 incon-

66 3277 235 3342 7deretur.
259 3278 360 3343 Paulo
373 3281 516 3363 consule,
533 3304 607 3346 cum
617 3285 740 3348 maiora
758 3293 790 3347 et
805 3282 971 3347 crebriora
983 3288 1126 3347 essentie

91 3361 232 3445 inposita
253 3364 425 3448 praesidia,
446 3386 504 3451 per
530 3366 609 3429 alias
631 3367 702 3430 vias
722 3367 915 3432 Macedonia
933 3366 1094 3452 deprensa

91 3452 156 3525 Ost,
179 3467 304 3508 Sllmmss
327 3447 455 3511 culidem
486 3459 540 3500 trit
574 3459 600 3492 ³4
620 3451 772 3506 inclinanda
813 3449 906 3519 sswlq,
934 3470 1008 3513 num
1028 3447 1095 3515 alia
