2266 3832
86 211 130 273 90
338 284 345 289 ,
441 218 548 269 meru
557 216 723 267 nemone.

59 374 206 453 eseitur,
226 372 343 434 iterum
362 368 426 432 fuit
445 367 605 433 movendo
621 367 807 450 Tbemnlia3
828 367 909 432 dnm
922 368 1087 433 Antonius

88 458 181 520 vario
213 455 345 537 ingenio
375 461 432 516 aut
465 471 685 516 successorem
715 451 866 516 Caesaris
897 451 1088 536 indignatur

89 539 262 605 Octavium
282 544 338 601 aut
359 554 468 600 amore
490 533 682 619 Cleopatrae
703 533 858 599 desciscit
881 535 919 597 in
937 535 1088 619 reginam

88 622 144 661 ***
165 620 259 683 aliter
282 619 392 683 salvus
414 640 485 683 esse
505 639 571 680 non
593 617 715 703 potuit,
734 617 801 683 nisi
817 615 1028 701 confugisset
1046 617 1088 682 nd

59 707 286 780 aservitutem.
324 700 553 786 gratrrlandum
577 708 687 764 tamen
711 708 749 764 ut
780 700 817 764 in
841 707 934 763 unte
961 708 1114 787 portur-s

87 787 218 852 batione
238 793 302 865 est,
323 784 410 871 quod
429 785 636 870 potissimum
657 782 701 848 sd
721 782 894 847 Oetnv'mm
910 780 1089 865 Qesnrcm

85 872 271 953 Augustum
290 889 414 931 summe
436 888 545 931 rerum
563 867 677 947 rediit,
700 867 758 952 qui
778 865 938 950 sapienda
956 886 1018 930 ana
1032 866 1087 929 sd·

87 974 153 1039 que
172 950 317 1015 sollertia
335 949 518 1036 perculsum
530 949 674 1035 undique
695 970 734 1013 ac
755 947 982 1047 perturbatum
1002 948 1087 1014 ordi·

54 1036 178 1102 enavit
194 1035 322 1119 imperii
340 1055 473 1119 corpus,
491 1033 578 1119 quod
596 1031 675 1097 bant
690 1031 789 1097 dubus
805 1050 986 1118 nnmqnnm
1000 1033 1087 1097 eeire

86 1128 120 1183 et
150 1118 332 1182 consentire
367 1117 545 1202 potuisset,
582 1117 647 1181 nisi
678 1117 775 1179 unius
807 1114 973 1201 praesidis
1004 1122 1116 1179 nnture

58 1204 181 1288 tquasi
206 1201 315 1264 anima
335 1210 368 1264 et
388 1208 496 1263 mente
513 1207 690 1282 regeretur.
722 1197 835 1263 Marco
854 1197 1003 1265 Antonio
1022 1196 1086 1261 Pu·

86 1285 154 1350 blio
171 1283 346 1350 Dolabella
366 1280 552 1349 consulibus
575 1282 747 1366 imperium
762 1280 945 1352 Romanum
959 1282 1027 1345 iam
1044 1279 1088 1347 sd

88 1367 263 1434 Caesarem
273 1367 488 1433 transferente
504 1365 635 1430 fortuna
650 1365 762 1433 varius
783 1372 817 1429 et
830 1362 1006 1450 multiplex
1020 1386 1087 1429 mo·

85 1460 138 1515 tus
155 1452 296 1516 civitatis
318 1451 390 1514 fuit.
422 1448 622 1535 quodquesin
643 1468 752 1513 annua
766 1446 850 1513 caeli
871 1448 1087 1513 conversione

58 1533 158 1604 alieri
181 1534 277 1630 solet,
299 1542 336 1630 ut
356 1541 444 1596 mota
464 1531 572 1629 sidera
589 1539 702 1596 tonent
721 1551 761 1595 ac
782 1549 858 1594 snos
879 1529 1117 1631 flemus-teme

86 1625 212 1762 idsbbtte
225 1615 529 1782 hsdm‘bldicegdderdbe
539 1614 1089 1782 Caperlatiprppnpeenippsmppprtppnnpp

87 1782 239 1866 omnique
254 1801 374 1864 genere
389 1781 629 1860 discriminum,
651 1779 819 1862 civilibus,
840 1781 1002 1861 externis,
1020 1801 1088 1845 ser·

85 1863 221 1945 vilibus,
239 1863 448 1927 terrestribus
473 1884 512 1926 ac
531 1862 702 1927 navalibus
722 1862 819 1927 bellis
840 1883 937 1927 omne
956 1863 1088 1948 imperii

86 1968 203 2032 eorpus
225 1948 381 2032 agitatum
402 1954 461 2010 est.
1091 1969 1116 2011 n

288 2078 364 2144 XV.
399 2077 584 2145 BELLVM
605 2075 879 2142 MVTINENSE.

22 2201 116 2287 1111,4
172 2200 283 2264 Prima
308 2199 453 2263 civilium
472 2207 617 2264 motuum
637 2217 736 2262 causa
755 2204 985 2263 testamentum
1006 2196 1088 2262 an-

89 2283 270 2366 satisfuit,
295 2285 386 2347 euius
409 2281 569 2346 secundus
592 2280 686 2345 heres
707 2281 885 2361 Antonius,
928 2278 1089 2345 raelatum

90 2366 154 2431 sibi
176 2365 348 2430 Octavium
369 2365 498 2446 fimens,
523 2363 721 2449 inexpiabile
744 2371 856 2428 contre
923 2363 1088 2448 optionem

62 2449 237 2512 accerrimi
258 2448 385 2511 iuvenis
407 2454 594 2532 susceperat
614 2445 746 2511 bellum
789 2447 886 2534 uippe
906 2467 981 2511 cum
997 2448 1119 2514 intrare

85 2539 236 2595 octavum
266 2530 426 2594 decimum
455 2551 575 2594 annum
601 2537 749 2594 tenerum
768 2468 822 2617 bb
842 2528 1031 2618 obnoxium]
1054 2536 1087 2595 et

86 2621 300 2698 opportunum
321 2614 459 2678 iniuriae
479 2615 629 2678 iuvenem
650 2612 792 2695 videret,
814 2613 885 2698 ipse
905 2612 1022 2711 plenae
1043 2633 1088 2677 ex

87 2694 273 2760 commilitio
296 2694 446 2761 Caesaris
475 2696 643 2782 dignitatis
676 2695 821 2763 lacerare
842 2696 937 2761 anns
958 2694 1087 2761 heredi·

85 2787 200 2859 tatem,
224 2780 235 2840 i
259 2800 329 2842 sum
346 2781 499 2844 insectari
511 2777 655 2865 probris,
672 2781 796 2843 cunetis
814 2780 937 2843 artibus
957 2786 1087 2864 coepta·

60 2864 208 2925 ctionem
232 2800 336 2928 fultae
357 2866 463 2947 gentis
491 2862 653 2942 inhibere,
681 2862 821 2949 denique
840 2863 882 2928 ad
904 2863 1121 2957 opprimen-rs

88 2944 164 3009 dum
184 2946 336 3010 iuvenem
356 2945 464 3030 palem
484 2967 574 3009 arma
597 2945 714 3010 mabri.
736 2954 768 3010 et
783 2947 848 3011 iam
863 2954 976 3031 pareto
993 2966 1087 3009 exer·

87 3029 154 3092 citu
190 3029 225 3091 in
256 3027 424 3113 Cisalpina
456 3028 565 3095 Gallia
606 3031 810 3095 resistentem
845 3029 986 3101 motibus
1018 3029 1087 3092 suis

60 3111 261 3177 4Decimurn
280 3111 418 3177 Brutum
438 3111 619 3179 obsidebat.
652 3121 685 3176 at
707 3113 862 3181 Octavius
889 3111 1025 3194 Caesar,
1053 3119 1088 3175 et

89 3204 194 3260 aetate
216 3202 248 3259 et
269 3195 388 3259 iniuria
403 3193 593 3261 favorabilis
610 3203 642 3261 et
657 3197 797 3262 nominis
814 3197 983 3263 maiestate
998 3194 1088 3282 quod

89 3279 153 3342 sibi
181 3278 343 3361 induerat,
373 3279 534 3344 revocetis
554 3280 598 3344 ad
618 3299 708 3344 arma
732 3281 909 3362 veteranis,
959 3281 1120 3345 rivetusss

87 3398 131 3412 —
153 3364 225 3460 quis
248 3363 417 3428 crederet?
435 3401 478 3414 -
497 3362 663 3426 consulem
683 3362 885 3446 adgreditur,
914 3302 1085 3431 obsidione

62 3441 234 3512 eMutmae
251 3446 368 3513 liberat
383 3446 536 3529 Brutum,
557 3446 735 3513 Antonium
753 3447 843 3511 exuit
860 3448 986 3511 castris.
1005 3453 1085 3509 tnnc
