2266 3832
215 244 320 292 mssa
334 243 563 292 usuomanrs.
583 228 693 292 XVII.
702 230 830 294 XVIII.
989 234 1027 294 17

18 398 141 475 xisset,
164 394 307 459 dubitari
328 415 393 458 non
410 403 516 479 potest
562 418 650 460 arem
672 397 718 459 eis
741 396 895 494 populum
910 396 1026 461 Roma-

18 502 98 545 num
121 478 266 541 futurum
291 499 357 541 non
383 477 495 542 fuisse.
538 419 753 564 l'aulus,qu1
778 502 850 543 cum
876 480 1070 552 Macedo-13

18 564 108 629 niam
124 563 256 625 vicisset
274 571 306 625 et
321 560 492 625 Graeciam
508 563 680 626 liberasset
696 572 727 625 et
748 563 1025 647 opulentissimum

18 645 219 730 triumphum
239 652 450 730 reportasset,
475 647 558 709 inter
572 649 659 731 ipsos
674 647 828 730 triumphi
844 647 913 709 dies
929 650 1024 709 amis-

20 733 66 794 sis
90 728 215 792 duobus
237 727 348 791 liberis
369 748 428 812 pro
450 732 600 792 contione
625 729 708 792 dixit
725 730 846 813 gratias
872 751 906 792 se
927 752 1025 812 agere

18 813 186 892 fortunae,
212 810 298 896 quod
321 812 355 872 in
379 832 470 874 suam
493 814 600 896 potius
627 812 756 875 domum
783 834 879 897 quam
903 814 1026 876 iurem

19 895 185 982 publicam
213 895 379 958 saevisset.
423 893 498 959 Duo
521 895 660 975 Metelli,
714 918 829 958 uorum
853 894 935 958 alter
956 895 1069 968 Ma-14

19 979 196 1043 aedonicus
208 976 344 1042 devictis
356 977 605 1058 Macedonibus,
629 980 685 1063 qui
694 918 918 1058 sContrebiam,
935 980 1026 1042 inex·

43 1059 233 1146 ugnabilem
245 1060 426 1145 Hispaniae
443 1061 617 1142 civitatem,
633 1064 730 1125 iussis
741 1071 934 1125 testamenta
949 1063 1027 1125 sori-

11 1084 102 1209 ¹bere
130 1152 163 1207 et
187 1145 296 1208 vetitis
328 1143 435 1207 redire
463 1146 527 1207 nisi
562 1146 717 1208 vicissent
749 1143 905 1207 militibus
934 1166 1027 1209 oceu-

19 1228 129 1313 pavit:
158 1225 239 1290 alter
260 1226 449 1290 Numidicus
472 1230 560 1291 victa
584 1227 751 1308 Numidia,
776 1229 832 1312 qui
858 1249 930 1290 oum
955 1249 1026 1313 per-

18 1311 163 1374 niciosas
192 1311 240 1373 rei
269 1309 418 1396 publicae
449 1311 537 1394 leges
566 1311 666 1374 ferret
691 1311 848 1396 Apuleius
876 1310 1025 1374 tribunus

18 1391 127 1481 plebis
158 1400 308 1478 totusque
341 1403 471 1457 senatus
501 1397 535 1457 in
570 1417 623 1458 eas
657 1396 808 1472 iurasset,
845 1394 960 1457 maluit
991 1393 1026 1455 in

21 1476 159 1541 exilium
177 1476 226 1539 ire
248 1498 343 1562 quam
365 1479 482 1541 iurare.
527 1477 633 1541 Huius
656 1478 741 1541 filius
763 1477 841 1540 Pius
863 1478 1026 1562 cognomi-

11 1567 199 1639 mutasset,
218 1559 304 1658 quod
318 1569 441 1644 patrem
462 1562 495 1623 in
518 1562 652 1624 exilium
673 1569 800 1624 secutus
819 1570 878 1624 est.
923 1559 1069 1626 Gaius15

18 1643 161 1723 Marius,
190 1664 245 1728 qur
273 1645 306 1706 in
339 1643 452 1707 Africa
478 1643 641 1724 Numidis,
676 1646 710 1707 in
744 1643 854 1709 Gallia
882 1642 1025 1707 Cimbris

18 1725 287 1811 Teutonibusque
315 1730 473 1810 superatis
502 1749 521 1789 a
548 1728 654 1810 caliga
678 1729 827 1813 pervenit
854 1748 956 1825 usque
978 1748 1026 1790 se-

17 1811 158 1897 ptimum
179 1808 389 1872 consulatum.
441 1810 546 1890 Sulla,
576 1813 632 1896 qui
654 1810 741 1875 bello
767 1810 857 1873 civili
887 1811 1025 1873 victoria
1038 1823 1069 1875 16

16 1893 201 1981 perpotitus
228 1892 408 1956 Romanum
436 1896 559 1978 primus
583 1896 703 1958 invasit
728 1895 899 1979 imperium
926 1892 1026 1956 solus·

19 1997 87 2063 que
110 1975 267 2060 deposuit.
313 1975 491 2058 Sertorius,
517 1979 572 2063 qui
591 1980 790 2061 proscriptus
809 2001 829 2040 a
844 1975 934 2039 Sulla
952 1990 1068 2040 cum17

16 2062 56 2125 in
71 2059 206 2123 exilium
217 2059 430 2143 profugisset,
452 2082 547 2159 quam
559 2061 750 2123 brevissimo
765 2068 909 2142 tempore
926 2079 1026 2203 prope

15 2151 123 2208 totam
143 2141 336 2227 Hispaniam
357 2143 484 2227 redegrt
510 2145 542 2205 in
569 2164 659 2205 suam
683 2152 876 2226 potestatem
902 2150 933 2204 et
956 2162 978 2203 u
1002 2141 1026 2202 i·

17 2226 85 2312 que
110 2225 304 2289 adversante
331 2226 463 2289 fortuna
486 2225 713 2310 insuperabilis
742 2225 813 2289 fuit.
857 2222 1023 2303 Lucullus,
1036 2236 1070 2286 18

19 2310 80 2396 qui
100 2309 239 2372 Asiacae
284 2311 449 2373 rovinoiae
469 2309 579 2395 spoliis
601 2312 759 2372 maximas
782 2330 858 2392 opes
884 2316 932 2370 est
952 2327 1026 2369 eon-

9 2401 153 2457 secans
174 2401 205 2455 et
221 2331 440 2456 aedificiorum
460 2393 706 2478 tabularumque
727 2393 886 2476 pictarum
908 2389 1027 2453 studio·

18 2476 169 2540 sissimus
195 2474 266 2538 fuit.
310 2474 391 2540 Pom
416 2478 500 2555 eius,
525 2477 579 2561 qui
598 2477 768 2539 Armenios
791 2473 850 2537 sub
873 2494 950 2557 roge
971 2471 1024 2535 Ti·
1036 2489 1070 2540 19

18 2578 141 2643 grane,
179 2557 333 2623 Ponticos
364 2580 402 2621 su
458 2581 535 2642 rege
563 2559 768 2638 Mithridate,
807 2557 927 2621 Cilicas
958 2565 1025 2620 toto

18 2641 104 2705 mari
138 2642 331 2706 dominantis
362 2644 446 2704 intra
476 2642 756 2726 quadragesimum
782 2641 867 2704 diem
892 2640 972 2703 vicit
995 2647 1027 2702 et

19 2742 173 2809 magnam
197 2734 321 2810 partem
344 2726 443 2788 Asiae
466 2726 550 2787 inter
572 2724 753 2804 Oceanum,
791 2723 945 2807 Caspium
975 2745 1026 2785 ru·

8 2806 181 2892 ’brumque
193 2809 339 2872 victoriis
351 2809 417 2871 suis
434 2807 667 2892 triumphisque
683 2809 878 2891 peragravit.
924 2805 1025 2869 Gaius
1036 2821 1072 2872 20

21 2888 160 2972 Caesar,
189 2894 244 2976 qui
265 2891 390 2956 Gallias
414 2890 668 2974 Germaniasque
697 2890 825 2972 subegit
852 2898 883 2950 et
904 2889 1027 2971 primus

19 2974 240 3038 Romanorum
268 2976 437 3058 navigavit
465 2974 646 3052 Oceanum,
674 2975 708 3034 in
729 2994 791 3056 quo
812 2971 1027 3033 Brittanniam

19 3058 147 3121 invenit
177 3067 209 3121 et
239 3060 328 3121 vicit.
373 3058 475 3120 Iulius
507 3055 628 3120 Caesar
653 3056 836 3138 Augustus,
871 3055 926 3138 qui
953 3076 1024 3138 per·
1036 3068 1068 3116 21

20 3142 146 3225 pacatis
176 3141 324 3205 omnibus
346 3141 523 3286 qpovinciis
551 3139 712 3201 exercitus
739 3135 905 3201 totoorbe
927 3146 1027 3199 terra-

7 3245 96 3287 ·‚rum
117 3223 277 3310 disposuit
303 3233 334 3286 et
386 3244 535 3286 omanum
559 3221 728 3305 imperium
748 3219 927 3297 ordinavit,
955 3227 1029 3302 post

22 3307 114 3371 cuius
152 3310 428 3372 consecrationem
463 3311 619 3390 perpetua
652 3300 828 3366 Caesarum
868 3301 1029 3363 dictatura

23 3386 215 3455 dominatur.

62 3494 158 3538 WCWS
174 3500 274 3539 AMPEL·
802 3468 822 3526 2
