2266 3832
297 214 506 278 fflsroltmle
526 216 842 290 nonnullarum.
1017 214 1058 278 55

81 367 236 443 fastigium
257 374 288 426 el
309 376 422 443 quanto
444 369 598 429 Ciceronis
619 370 721 430 studio
742 370 855 430 Brutus
871 371 1060 445 Cassiusque

79 452 306 524 attollerentur,
331 452 583 527 denuntiaretque
610 469 645 512 se
671 468 739 513 cum
764 453 857 513 Bruto
880 453 1061 527 Cassioque,

80 552 132 611 qur
148 534 209 594 iam
223 534 330 593 decem
350 542 380 593 et
394 542 511 610 septem
530 536 683 609 legionum
704 544 845 611 potentes
867 543 968 610 erant,
995 536 1061 598 iun·

81 627 198 680 cturum
211 616 287 677 viris
301 635 391 691 suas,
406 618 433 678 si
441 619 553 678 Caesar
559 619 626 679 eius
634 628 849 695 aspernaretur
856 620 1061 693 concordiam,

80 704 258 777 diceretque
279 704 349 776 plus
364 702 526 761 Caesarem
546 704 656 778 patris,
682 720 774 777 quam
796 719 831 762 se
852 703 941 762 anrici
955 704 1062 763 ultioni

81 786 212 854 debere;
228 784 271 821 **
294 786 382 859 igitur
403 786 477 847 inita
491 787 645 860 potentiae
666 786 798 847 societas
820 795 850 846 et
869 787 1090 853 hortantibus!

79 868 303 944 orantibusque
324 870 509 929 exercitibus
531 870 607 928 inter
621 870 786 930 Antonium
800 870 890 930 etiam
905 878 936 930 et
950 871 1060 930 Caesa-

80 970 145 1013 rem
161 954 240 1013 iaeta
253 951 410 1026 adfinitas,
433 969 502 1012 eum
517 959 601 1012 esset
615 954 754 1027 privigna
769 954 884 1013 Antoni
904 954 1063 1029 desponsa

81 1036 221 1105 Caesari3
244 1037 498 1110 consulatumque
519 1036 582 1094 iniit
597 1036 711 1097 Caesar
732 1036 829 1111 pridie
845 1053 936 1111 quam
958 1038 1062 1111 viginti

79 1136 179 1181 annos
195 1120 348 1193 impleret,
364 1135 395 1177 x.
409 1119 476 1178 Kal.
493 1118 649 1192 Octobris,
672 1136 741 1178 cum
763 1120 882 1194 collega
903 1120 936 1193 Q.
955 1120 1060 1191 Pedio,

81 1210 154 1279 post
177 1202 284 1263 urbem
309 1203 463 1262 conditam
489 1204 576 1261 annis
608 1203 807 1277 septingentis
832 1219 958 1277 novem,
991 1211 1062 1263 arrte

81 1286 275 1362 septuaginta
289 1287 383 1360 duos,
399 1302 489 1360 quarn
506 1292 552 1358 lu,
567 1286 607 1344 M.
619 1287 734 1357 Vinici,
751 1288 941 1346 consulatum
957 1287 1060 1347 inires.

80 1368 167 1429 Vidit
180 1369 229 1428 hic
244 1384 343 1429 annus
358 1368 549 1441 Ventidium,
572 1385 627 1443 per
643 1386 735 1443 quam
753 1370 859 1429 urbem
874 1370 951 1430 inter
966 1368 1090 1445 capti-3

81 1469 139 1513 vos
153 1453 319 1512 Picentium
333 1455 363 1511 in
379 1452 530 1527 triumpho
547 1454 656 1512 ductus
671 1460 749 1521 erat,
773 1452 801 1510 in
816 1468 854 1511 ea
869 1454 1062 1513 consularem

82 1543 268 1611 praetextam
287 1538 459 1610 iungentem
479 1537 648 1610 praetoria;
667 1537 745 1595 idern
764 1534 813 1594 hic
831 1544 940 1610 postea
958 1535 1056 1595 trium-

81 1620 196 1695 phavit.

162 1704 264 1761 LXVI.
305 1703 436 1762 Furente
462 1704 572 1763 deinde
597 1704 731 1762 Antonio
758 1704 909 1777 simulque
934 1702 1089 1776 Lepido,1

82 1802 212 1861 quorum
232 1793 373 1861 uterquc,
397 1795 429 1846 ul
450 1788 672 1861 praediximuS,
693 1786 799 1846 hostes
822 1786 945 1847 iudicati
965 1794 1060 1857 erant,

82 1886 152 1929 cum
166 1869 256 1929 ambo
271 1871 394 1928 mallent
408 1870 465 1928 sibi
483 1874 642 1946 nunciare,
655 1870 727 1943 quid
744 1871 829 1944 passi
844 1877 949 1930 essent
970 1886 1062 1942 quam

82 1954 157 2027 quid
166 1952 379 2024 emeruissent,
393 1963 581 2026 repugnante
589 1954 719 2012 Caesare
726 1954 782 2011 sed
791 1954 903 2011 iruslra
911 1953 1061 2011 adversus

81 2037 179 2105 duos,
203 2033 400 2093 instauratum
422 2034 537 2095 Sullani
559 2036 691 2109 exempli
715 2037 841 2107 malum,
864 2034 1060 2109 proscriptio.

82 2116 161 2177 Nihil
174 2124 233 2176 tarn
246 2117 458 2191 indignumillo
467 2124 605 2194 tempore
614 2119 682 2190 luit,
699 2134 789 2191 quarn
799 2119 882 2192 quod
891 2124 941 2175 aut
949 2116 1089 2177 Caesare

82 2202 217 2275 aliquem
238 2202 430 2275 proscribere
450 2210 574 2261 coactus
596 2209 643 2260 est
664 2209 714 2260 aut
734 2202 773 2260 ab
791 2201 852 2261 ullo
869 2200 974 2259 Cicero
991 2216 1061 2273 pro·

82 2286 217 2358 scriptus
233 2292 280 2343 est
304 2284 488 2358 abscisaque
511 2288 628 2343 scelere
650 2284 764 2343 Antoni
786 2301 848 2344 vox
869 2282 991 2357 publica
1005 2290 1062 2356 est,

83 2384 151 2428 cum
166 2368 233 2427 eius
249 2368 377 2426 salutem
392 2383 481 2426 nemo
498 2367 702 2437 defendisset,
725 2368 777 2442 qui
794 2384 848 2441 per
862 2373 906 2426 tot
920 2380 1017 2425 annos
1033 2374 1063 2427 et

85 2450 237 2525 publicam
259 2451 388 2511 civitatis
409 2458 439 2509 et
460 2452 609 2525 privatam
630 2451 739 2509 civium
761 2451 948 2510 defenderat.
984 2448 1090 2511 Nihilo

83 2542 182 2595 tamen
207 2536 309 2608 egisti,
330 2534 369 2592 Μ.
385 2536 513 2595 Antoni:
536 2535 618 2609 cogit
641 2534 719 2593 enim
736 2535 888 2594 excedere
909 2532 1062 2607 propositi

84 2618 211 2676 ionnarn
234 2619 336 2692 operis
363 2634 528 2692 erumpens
550 2619 650 2677 animo
672 2635 708 2676 ac
733 2626 858 2692 pectore
883 2616 1060 2692 indignatio,

83 2700 172 2769 nihil,
190 2700 328 2774 inquam,
345 2702 433 2773 egisti
449 2701 621 2760 mercedem
638 2701 850 2762 coelestissimi
874 2700 936 2760 oris
956 2708 986 2759 et
1001 2700 1061 2759 cla·

83 2782 196 2843 nissimi
211 2785 318 2858 capitis
333 2782 445 2841 abscisi
462 2785 649 2842 numerando
666 2790 959 2856 auctoramentoque
975 2784 1060 2843 lune·

83 2866 130 2925 bri
150 2867 189 2926 ad
211 2867 437 2927 conservatoris
454 2865 607 2939 quondam
628 2866 815 2939 reipublicae
836 2865 972 2937 tantique
988 2882 1061 2925 con-

84 2948 161 3009 sulis
174 2950 325 3009 inritando
342 2964 457 3008 necem.
492 2949 633 3021 Rapuisti
646 2954 706 3007 tum
723 2948 861 3006 Ciceroni
876 2950 974 3006 lucem
990 2948 1090 3011 soli-4

83 3032 174 3091 citam
189 3041 219 3093 et
231 3041 361 3094 aetatem
374 3033 499 3090 senilem
516 3039 546 3090 et
560 3031 652 3089 vitam
666 3031 853 3090 miseriorem
869 3037 897 3089 te
912 3028 1062 3103 principe,

84 3130 176 3189 quam
191 3117 250 3175 sub
266 3125 295 3176 te
311 3116 465 3176 triumviro
487 3121 630 3183 mortern;
654 3116 763 3172 sarnum
784 3128 858 3172 vero
874 3112 1065 3187 gloriamque

85 3200 232 3259 laetorum
247 3206 339 3273 atque
354 3198 505 3259 dictorum
520 3198 598 3257 odeo
618 3213 677 3257 nou
694 3196 859 3267 abstulisti,
882 3203 914 3255 ut
928 3196 1061 3256 auxeris.

85 3282 167 3341 Virit
179 3284 321 3355 riretque
334 3297 519 3356 peromnem
531 3282 704 3340 seculorum
721 3280 911 3348 memoriam
928 3280 1091 3353 dumqueo

84 3362 143 3423 lroc
165 3367 212 3424 rel
237 3367 313 3425 lorte
335 3367 382 3423 rel
405 3366 594 3437 providentia
616 3366 662 3421 rel
686 3370 841 3437 utcunque
868 3362 1061 3422 constitutum

85 3462 185 3508 rerum
202 3456 326 3508 naturae
342 3464 471 3523 corpus,
488 3452 570 3525 quod
586 3448 635 3507 ille
650 3462 748 3521 paene
764 3448 1062 3506 solusliomanorum
