2266 3832
434 229 568 285 treus
596 230 636 286 lX.
953 217 995 281 67

85 395 126 450 vir
148 394 266 468 egregie
291 401 414 450 momtus
437 401 466 451 et
491 393 533 451 rei
549 391 680 471 publicae
697 391 840 470 gerendae
863 387 992 447 idoneus.
1017 398 1044 440 a.

83 475 159 534 Nihil
173 483 265 534 mmen
276 474 379 534 clarum
391 477 482 553 potuit
495 477 647 536 ostendere
662 477 731 535 intra
743 484 852 534 sextum
868 489 993 531 mensem
1005 466 1061 510 Μ·

83 560 193 637 imperii
208 567 297 617 morte
312 568 490 636 praeventus.
527 559 686 635 Florianus,
705 561 753 637 qui
765 557 863 618 Tacito
876 572 992 615 succes·
1007 534 1053 578 Μ·

84 651 169 719 serat,
182 642 292 703 duobus
303 643 447 703 mensibus
458 652 486 701 et
497 642 597 704 diebus
613 665 649 702 xx
663 646 691 703 in
703 645 821 721 imperio
835 641 887 699 iuit
901 656 993 716 neque

84 729 233 804 quicquam
245 726 357 804 dignum
369 730 502 786 memoria
514 731 580 805 egit.

149 810 233 870 Can.
246 809 334 871 XVII.
344 808 425 890 (XI.)
450 809 518 870 Post
530 812 602 872 hune
613 810 732 886 Probus,
746 811 788 868 vir
800 809 915 869 illustris
931 805 993 885 glo·
1019 812 1044 852 P·

84 895 123 953 sla
148 893 273 970 militari,
297 893 332 953 ad
358 895 621 955 administrationem
643 897 684 953 rei
707 893 838 972 puhIIeae
860 892 992 951 accessit.
1005 879 1060 922 ω·

84 976 187 1036 Gallias
204 996 220 1037 a
235 978 360 1037 barbaris
375 988 528 1057 occupatas
546 981 652 1057 ingenti
670 978 840 1056 proeliorum
857 975 993 1035 felicitate
1007 947 1054 991 ⁹¹⁶·

83 1063 211 1122 restituit.
245 1059 390 1134 Quosdam
409 1065 556 1140 imperium
573 1080 710 1140 usurpare
728 1071 860 1136 conatos,
883 1058 994 1118 seilicet

83 1146 296 1204 SaturninumIn
308 1145 433 1222 Oriente,
452 1145 599 1206 Proculum
619 1144 992 1222 etBonosumllgrippinae,

83 1229 175 1288 multis
192 1229 389 1289 certaminibus
411 1234 565 1308 oppressit.
598 1230 702 1288 Vincas
721 1228 817 1288 Gallos
841 1237 869 1286 et
885 1225 992 1286 Panno-

83 1315 145 1370 nios
157 1312 261 1371 hahere
273 1315 408 1388 permisit.
440 1313 535 1391 Opere
548 1314 656 1373 militari
668 1313 776 1372 Almam
787 1321 909 1370 montem
919 1309 993 1387 apud

83 1396 212 1454 Sirmium
225 1404 254 1454 et
263 1394 387 1456 Aureum
399 1397 473 1475 apud
483 1396 621 1456 Moesiam
633 1399 810 1475 superiorem
821 1397 911 1454 vineis
924 1408 990 1452 eon·

83 1481 170 1538 seruit
186 1488 214 1537 et
226 1479 591 1557 promacialihus.eolendas
603 1481 691 1540 dedit.
717 1480 770 1539 Hic
785 1498 848 1539 cum
864 1477 939 1537 bella
951 1479 991 1536 in·

82 1581 195 1622 numera
207 1565 357 1641 gessisset,
380 1582 449 1642 paee
466 1574 561 1643 parata
578 1565 646 1624 dixit
661 1567 746 1626 dreoi
760 1565 868 1624 milites
884 1580 990 1622 oeces-

81 1651 182 1707 srttt'os
198 1667 256 1708 nort
271 1647 399 1725 futuros.
430 1648 481 1707 Vir
495 1667 578 1725 acer,
602 1659 749 1725 strenuus,
766 1650 870 1722 iustus,
895 1654 923 1705 et
943 1646 990 1724 qul

80 1728 260 1791 Aurelianum
278 1742 413 1810 aequaret
427 1733 518 1810 gloria
533 1733 658 1807 militari,
680 1747 787 1792 morum
797 1741 887 1791 autem
901 1726 990 1788 civili·

81 1823 137 1873 tate
150 1824 305 1892 superaret.
329 1814 498 1876 Interiectus
514 1825 558 1876 est
575 1826 667 1876 tamen
679 1818 771 1876 Sirmii
783 1813 898 1876 tumultu
917 1811 988 1871 mili·
1012 1830 1039 1872 a.

81 1900 130 1956 tari
147 1898 256 1959 intumi
272 1898 381 1959 ferrata
408 1898 560 1978 Imperavit
571 1919 658 1960 annos
671 1923 709 1977 vr,
728 1919 841 1959 menses
860 1907 988 1976 quatuor.
1002 1899 1057 1943 cut.

144 1982 229 2043 Car.
247 1980 350 2042 XVIII.
364 1981 460 2062 (XII.)
486 1983 554 2044 Post
574 1986 646 2043 hune
659 1983 748 2044 Carus
767 1994 811 2043 est
830 1984 921 2041 lactus
933 1980 989 2039 Au·
1000 1970 1048 2010 ²⁸²·

79 2075 189 2143 gustus,
213 2064 346 2125 Narbone
366 2076 448 2125 natus
464 2069 492 2126 in
509 2066 608 2143 GaIIIa,
634 2070 681 2148 qui
699 2067 848 2127 confestIm
860 2064 989 2124 Carinum

82 2158 110 2207 et
121 2146 316 2208 Numerianum
328 2149 402 2209 lilios
414 2148 550 2210 Caesares
563 2151 649 2226 feeit,
677 2169 739 2209 eum
751 2150 852 2229 quibus
864 2151 991 2225 regnavit

80 2232 190 2292 duobus
205 2235 291 2292 anuis.
325 2233 382 2293 Sed
394 2233 457 2293 dum
473 2234 576 2294 bellum
589 2234 737 2294 adversum
749 2235 888 2293 Sarmatas
905 2233 989 2308 gerit,

79 2317 202 2376 nuntiato
218 2315 363 2376 Persarum
375 2317 491 2377 tumultu
503 2318 537 2378 ad
550 2317 693 2378 Orientem
706 2319 850 2396 proiectus
863 2333 910 2374 res
923 2333 988 2374 oon·
1014 2341 1039 2382 p,

79 2410 120 2460 tra
134 2399 235 2460 Persas
247 2401 357 2466 nobiles
369 2404 468 2480 gessit.
491 2401 575 2480 Ipsos
586 2403 697 2480 proelio
710 2401 789 2461 ludit.
825 2400 941 2460 Cochen
957 2409 985 2458 et
1001 2409 1055 2452 cue

80 2483 303 2563 Ctesiphontem,
326 2486 626 2563 urhesnohilissImas,
650 2488 736 2564 cepit.
770 2485 880 2545 Etcum
896 2493 987 2542 castra
998 2479 1044 2519 ²⁸⁴·

78 2587 164 2648 supra
175 2568 318 2648 Tigridem
330 2569 458 2648 haberet,
469 2573 526 2631 ictu
539 2557 624 2631 eduini
637 2571 760 2631 fulminis
772 2571 864 2648 periit.
886 2567 988 2627 Nume-

77 2655 171 2714 rianus
187 2670 313 2733 quoque,
327 2653 400 2713 lilius
416 2657 488 2731 eius,
507 2674 591 2734 quem
601 2674 699 2715 seeum
711 2653 863 2714 Gaesarem
877 2652 912 2713 ad
923 2650 988 2710 Per-

78 2756 125 2798 sas
137 2736 269 2815 duxerat,
288 2737 458 2799 adolescens
475 2742 612 2818 egregIae
628 2738 745 2815 indolis,
768 2756 830 2797 cum
843 2735 988 2796 oculorum

79 2821 179 2882 dolore
190 2830 341 2900 correptus
356 2824 384 2882 in
398 2821 531 2884 lecticula
545 2824 711 2900 veheretur,
730 2821 885 2900 impulsore
897 2820 987 2898 Apro,
1012 2853 1039 2893 p,

78 2908 126 2985 qui
138 2923 224 2967 socer
239 2909 299 2967 eius
312 2915 381 2984 erat,
401 2924 455 2986 per
465 2908 581 2968 insidias
592 2910 706 2968 occisus
719 2915 773 2966 est.
795 2904 831 2964 Et
843 2923 905 2964 cum
921 2903 988 2962 dolo
1000 2919 1056 2962 cm.

78 2991 267 3052 occultaretur
281 2993 370 3068 ipsius
382 3007 469 3070 mors,
486 3010 635 3072 quousque
646 2991 724 3070 Aper
739 2989 872 3050 invadere
889 2997 989 3067 posset
1005 2989 1053 3030 ²⁸⁴·

77 3077 240 3155 imperium,
264 3076 376 3136 foetore
399 3076 543 3137 cadaveris
561 3075 670 3155 prodita
691 3085 744 3135 est.
774 3071 880 3134 llilites
904 3075 988 3146 enirn,

79 3163 128 3239 qui
144 3160 421 3240 consequebantur,
437 3161 549 3221 foetore
561 3163 694 3220 commoti
706 3157 828 3218 diductis
840 3155 990 3218 lecticulae

79 3244 171 3324 palliis
188 3254 255 3323 post
272 3243 379 3323 aliquot
396 3244 458 3305 dles
480 3253 598 3304 mortem
620 3247 682 3303 eius
699 3252 793 3303 notam
812 3241 917 3300 habere
939 3258 990 3317 po-

78 3339 198 3388 luerunt.

140 3413 190 3473 Ca
202 3433 227 3472 a.
244 3411 319 3472 XIX.
344 3421 456 3473 Interea
468 3411 596 3488 Carinus,
621 3430 704 3490 quem
717 3410 868 3551 Caesapepr
880 3408 915 3468 ad
927 3406 988 3468 Par-
