2266 3832
109 192 152 256 80
463 205 569 254 suoru
584 205 751 255 unrocus.

111 381 153 423 ne
187 357 306 423 sociale
339 357 482 444 quidem,
516 356 575 420 sed
606 378 666 420 nec
699 365 886 440 externum,
918 360 981 425 scd
1012 360 1115 446 potius

112 464 281 509 commune
323 440 464 505 uoddam
486 462 529 503 cx
549 438 698 505 omnibns
718 449 752 505 et
768 440 843 526 plus
863 463 966 528 quam
984 442 1114 509 bellum.

85 529 233 626 bquippe
255 527 283 588 si
334 545 410 588 uccs
435 525 504 587 eius
526 524 697 607 inspicias,
724 532 812 588 totus
834 534 969 592 senatus
991 530 1027 591 in
1046 548 1115 611 par-

111 609 215 691 tibus3
246 611 274 672 si
296 610 474 687 exercitus,
502 606 579 670 hinc
598 607 750 670 undecim
770 606 935 691 legiones,
964 610 1044 675 inde
1065 610 1115 675 de

112 715 182 757 cem
211 702 243 756 et
271 701 358 771 octo,
386 690 447 754 flos
475 691 579 755 omnis
608 699 640 754 ct
666 689 768 754 robur
792 690 901 757 Italici
929 695 1115 778 sanguinis

112 778 141 839 si
167 775 291 840 auxilia
320 775 495 856 sociorum,
523 773 600 837 hinc
634 772 755 838 Gallici
782 773 1006 863 Germanique
1039 776 1114 843 dile

111 868 197 940 ctus,
225 858 303 922 inde
329 857 521 938 Deiotarus,
549 856 805 938 Ariobarzanes,
834 858 1114 941 Tarcondimotus,

111 941 212 1029 Cotys
226 951 258 1005 et
269 940 495 1038 Rhascypolis,
510 962 604 1006 omne
616 940 784 1023 Thraciae,
798 940 1038 1091 Cappadociae,
1049 943 1113 1009 Ma

81 1026 263 1092 ocedoniae
271 1074 280 1107 ,
295 1024 445 1105 Ciliciae,
461 1024 619 1089 Graeciae
631 1026 794 1111 totiusque
805 1046 844 1091 ro
866 1048 907 1089 ur
921 1026 1074 1109 orientis3
1087 1027 1113 1091 si

108 1131 232 1173 moram
247 1108 340 1190 belli,
364 1116 516 1194 quattuor
535 1109 628 1188 anni,
651 1117 700 1172 set
719 1129 778 1193 pro
801 1107 894 1175 clade
914 1131 1032 1181 renim
1044 1110 1111 1175 bre
1132 1149 1133 1172 t

107 1215 183 1276 ves3
214 1195 242 1256 si
262 1193 369 1258 locum
392 1200 424 1255 ct
449 1214 465 1255 s
508 1193 603 1272 tium,
631 1193 838 1257 commissum
859 1202 909 1258 cst
935 1194 1024 1265 intra
1050 1194 1111 1259 Ita-

108 1279 200 1359 liam,
228 1277 305 1342 inde
334 1298 369 1341 se
397 1276 432 1338 in
490 1274 600 1339 alliam
620 1274 878 1362 Hispaniamque
905 1276 1044 1347 deflexit
1066 1298 1111 1343 re·

107 1383 303 1446 versumque
330 1359 372 1424 ab
399 1380 517 1423 occasu
543 1361 618 1423 totis
646 1358 771 1423 viribus
797 1359 834 1425 in
852 1359 954 1445 Epiro
976 1358 1111 1427 Thessa·

109 1445 217 1531 lisque
246 1444 409 1525 consedit3
437 1443 513 1506 hinc
538 1444 573 1505 in
592 1444 780 1527 Aegyptum
808 1442 914 1511 subito
939 1444 1111 1525 transiluit,

108 1528 185 1591 inde
213 1529 357 1612 respexit
382 1527 511 1607 Asiam,
537 1525 671 1590 Africae
697 1525 860 1609 incubuit,
909 1535 1053 1603 osberno
1079 1528 1111 1593 in

82 1611 303 1694 7Hispaniam
334 1611 503 1694 regyravit
529 1618 562 1673 ct
592 1608 641 1673 ibi
675 1609 851 1696 aliquando
879 1549 1011 1677 defecit.
1058 1612 1113 1679 sed

108 1715 174 1758 non
196 1703 228 1756 et
250 1694 325 1758 odia
344 1694 486 1778 partium
501 1692 594 1757 finita
616 1714 689 1757 cum
708 1691 806 1757 bello.
828 1715 896 1761 non
915 1695 1005 1763 enim
1024 1698 1112 1781 prius

109 1778 316 1862 quieverunt,
345 1797 442 1863 quam
463 1777 498 1839 in
520 1777 593 1876 ipsa
618 1775 700 1841 urbe
720 1777 828 1842 medio
849 1786 966 1847 senatu
992 1800 1112 1861 eorum,

109 1861 265 1946 quivisti
287 1869 393 1941 erant,
418 1859 493 1924 odia
514 1862 648 1924 victoris
670 1882 706 1925 sc
725 1861 824 1925 caede
846 1863 1014 1931 satiarent.

81 1956 99 2007 8
194 1943 302 2009 Causa
327 1953 437 2009 tautae
471 1945 665 2009 calamitatis
697 1944 811 2009 eadem
864 1966 924 2011 uae
959 1947 1130 2030 omnium,

108 2030 209 2093 nimia
229 2029 380 2094 felicitas.
403 2031 431 2093 si
453 2030 583 2117 quidem
604 2027 725 2109 Quinto
745 1967 998 2110 MetellofflLucio
1016 2030 1112 2099 Afra-

109 2115 163 2178 nio
183 2113 370 2179 consulibus
392 2136 467 2179 cum
485 2113 633 2178 Romana
648 2113 801 2176 maiestas
821 2121 890 2179 toto
911 2110 990 2177 orbe
1011 2114 1112 2200 polle·

109 2207 159 2261 ret
179 2208 390 2284 recentesque
409 2199 574 2278 victorias,
597 2196 750 2262 Ponticos
772 2204 804 2260 et
813 2197 988 2262 Armenios
1000 2199 1112 2263 trium·

131 2281 206 2362 hos,
235 2284 269 2345 in
290 2282 496 2368 Pompeianis
524 2280 658 2345 theatris
685 2281 788 2345 Roma
822 2288 982 2361 cantaret,
1011 2282 1113 2347 nimia

108 2304 190 2428 l'om
214 2367 244 2428 ei
269 2366 414 2449 potentia
439 2372 517 2448 aput
544 2365 679 2445 otiosos,
708 2372 745 2428 ut
765 2363 861 2445 solet,
892 2365 981 2428 cives
1008 2366 1111 2437 movit

181 2387 277 2510 diam.
321 2446 472 2511 Metellus
491 2446 532 2511 ob
554 2448 748 2512 inminutum
766 2446 883 2512 Cretae
903 2447 1112 2535 triumphum,

81 2448 179 2510 sinui

110 2529 191 2594 Cato
220 2530 377 2594 adversus
403 2539 551 2617 potentes
586 2553 712 2617 semper
747 2531 896 2631 obliquus
930 2530 1113 2597 detrectare

108 2612 262 2698 Pompeio
290 2615 434 2698 actisque
464 2615 532 2677 eius
561 2614 758 2700 obstrepere.
807 2614 861 2678 hm
889 2612 981 2680 dolor
1007 2624 1113 2681 trans-

109 2718 239 2760 versum
258 2699 325 2781 egit
347 2706 379 2760 st
400 2697 443 2762 ad
462 2699 627 2782 praesidia
642 2699 794 2783 dignitati
815 2698 960 2784 paranda
982 2699 1111 2785 inpulit.

67 2780 194 2843 loiorte
221 2790 299 2844 tunc
320 2779 459 2845 Crassus
486 2803 605 2866 genere
634 2783 757 2847 divitiis
779 2782 936 2866 dignitate
963 2781 1131 2865 florebat,s

108 2872 144 2927 ut
169 2863 270 2928 vellet
289 2873 397 2928 tamen
425 2867 580 2931 auctioris
601 2888 694 2951 opes3
724 2866 762 2931 C.
788 2865 910 2931 Caesar
927 2865 1113 2952 eloquentia

109 2956 141 3010 et
164 2949 294 3032 spiritu,
325 2969 400 3012 ecce
421 2950 486 3012 iam
513 2958 544 3013 et
567 2950 738 3015 consulatu
759 2950 988 3032 adlevabatur3
1017 2949 1112 3017 Pom-

67 3038 94 3088 11
108 3032 200 3116 peius
222 3040 330 3097 tamen
351 3034 436 3096 inter
455 3043 626 3120 utrumque
647 3034 818 3098 eminebat.
851 3035 898 3097 sio
918 3034 1020 3117 igitur
1032 3033 1113 3100 Cae-

110 3136 181 3178 sare
208 3115 399 3201 dignitatem
427 3138 619 3201 conparare,
650 3116 768 3182 Crasso
791 3138 926 3201 augere,
954 3116 1111 3203 Pompeio

108 3200 250 3263 retinere
271 3199 474 3285 cupientibus
496 3201 708 3285 omnibusque
728 3203 851 3286 pariter
871 3201 1035 3285 potentiae
1057 3221 1131 3266 cua

68 3283 194 3368 lapidis
218 3284 258 3348 de
284 3283 470 3347 invadenda
494 3284 684 3370 republica
709 3285 806 3349 facilc
825 3284 986 3348 convenit.
1032 3305 1110 3369 ergo

109 3388 182 3430 cum
209 3369 329 3432 mutuis
357 3367 481 3431 viribus
508 3368 544 3432 in
571 3390 661 3431 suum
685 3370 821 3454 quisque
849 3368 947 3432 decus
968 3367 1110 3433 niteren-

108 3457 172 3512 tur,
201 3451 338 3514 &alliam
361 3450 482 3502 (lenanu
504 3451 630 3503 invadit
687 3450 804 3502 irascens·
826 3451 949 3531 Asiam,
971 3449 1110 3536 Pompe-
