2266 3832
94 197 134 259 24
468 208 563 263 syon
585 209 731 257 aurnum

93 362 193 425 bazcs
216 362 374 446 originem
396 359 499 441 ducit,
514 382 618 507 Squem
640 359 840 426 conditorem
860 362 958 448 regni
972 362 1095 431 Mithri·

96 446 180 509 datis
201 446 303 508 luisse
325 443 493 507 confirmat
538 442 685 508 allustius
708 442 854 530 Crispus.

280 585 411 649 XXXI.
456 582 603 650 RECES
623 581 915 650 PARTHORVM.

71 711 86 759 1
182 696 334 762 Seleucus
368 696 550 759 Alexandri
581 695 770 760 Macedonis
800 696 935 762 amicus.
993 700 1096 767 Huius

93 791 167 867 post
187 789 323 843 mortem
343 780 384 843 ab
397 779 538 843 Aridaeo
558 779 658 843 fratre
681 779 749 841 eius
771 778 879 843 iussus
892 780 1121 869 Babylonem

94 865 239 948 optinere
266 863 419 925 finitimos
447 862 507 926 sub
535 884 569 927 se
596 863 738 946 redegit,
772 862 858 926 unde
886 863 1026 931 Nicator
1052 878 1097 933 est

93 947 288 1045 appellatae,
315 954 346 1008 ct
371 955 436 1008 tres
456 945 674 1009 validissimas
696 944 794 1009 urbes
817 949 1002 1032 constituit,
1032 952 1096 1015 An·

68 1030 262 1109 atrochiam,
292 1027 485 1109 Seleuciam,
511 1029 710 1093 Laodiciam.
753 1029 912 1114 Arsaces,
940 1032 1096 1099 formast

94 1115 213 1176 virtute
234 1113 442 1197 praecipuus,
471 1115 562 1176 cuius
606 1114 704 1177 osteri
725 1113 906 1178 Arsacidae
933 1120 1095 1201 cognomi·

93 1197 162 1260 nati
176 1206 264 1276 sunt,
286 1197 342 1283 qui
357 1218 470 1282 pacem
491 1217 563 1259 cum
577 1135 668 1260 Sulla
686 1197 879 1281 imperatore
898 1198 990 1263 fecit.
1017 1198 1122 1265 Orort

66 1281 167 1361 3des,
193 1282 248 1367 qui
269 1280 385 1345 foedus
407 1301 480 1343 cum
503 1279 562 1344 Cn.
581 1278 735 1364 Pompeio
754 1282 928 1364 percussit,
951 1296 983 1347 et
1002 1282 1094 1349 Cras-

94 1386 166 1427 sum
181 1386 255 1428 cum
272 1364 455 1448 legionibus
469 1364 555 1448 apud
570 1361 687 1427 Carras
703 1363 833 1426 funesta
848 1363 942 1429 clade
965 1365 1094 1435 delevit.

67 1448 253 1530 4Pacorus,
281 1450 335 1533 qui
361 1448 463 1510 filium
490 1467 583 1509 suurn
609 1445 754 1510 eiusdem
783 1448 922 1511 nominis
945 1451 1037 1513 misit
1062 1453 1095 1513 in

94 1530 236 1617 Syriam,
272 1540 308 1594 ut
334 1531 496 1594 Romanas
547 1530 709 1593 rovincias
737 1528 963 1615 popularetur,
999 1541 1094 1619 atque

94 1615 165 1698 ipse
187 1636 206 1676 a
226 1614 379 1678 Ventidio
401 1613 508 1697 legato
524 1552 604 1676 Iulii
628 1611 777 1677 Caesaris
800 1615 926 1679 occisus
949 1624 1010 1681 cst.
1101 1628 1121 1669 ¹⁶

93 1753 243 1817 XXXII.
272 1752 418 1818 REGES
437 1752 756 1818 CAPPADOCIAE
771 1754 831 1817 ET
844 1754 1094 1821 ARMENIAE.

69 1881 84 1929 1
181 1862 349 1947 Tigranes,
373 1866 429 1949 qui
449 1867 514 1928 iarn
534 1866 672 1949 scriptus
693 1874 755 1945 est3
776 1865 832 1950 qui
852 1864 961 1952 [tertio
973 1868 1095 1931 Punico

92 1948 179 2012 bello
217 1946 375 2012 erdomuit
394 1948 453 2011 sub
467 1948 618 2012 Mancino
633 1948 765 2012 consule
782 1957 813 2012 et
826 1947 979 2047 Scipione
989 1952 1096 2016 Aemi·

69 1969 214 2131 alianol
256 2032 382 2113 Bellus,
410 2055 470 2097 rex
497 2033 671 2096 Armeniae
699 2033 755 2177 (pui
782 2053 856 2095 cum
880 2043 1039 2118 impetum
1063 2035 1096 2097 in

95 2116 267 2180 Craccram
290 2116 421 2180 fecisset
449 2128 480 2180 et
498 2117 607 2202 Pythii
624 2116 710 2200 Apol
724 2117 786 2178 inis
809 2115 966 2213 templum
986 2119 1123 2181 incon-a

69 2199 206 2280 3disset,
227 2209 418 2285 tempestate
438 2211 469 2264 ct
488 2201 608 2283 frigore
631 2200 807 2262 exercitum
824 2200 942 2263 amrsit.
1030 2201 1097 2287 oly-

95 2283 211 2370 crates]
235 2305 296 2346 rex
309 2285 377 2370 Cap
400 2285 532 2348 adociae
554 2284 609 2380 qui
632 2284 804 2346 somniavit
823 2282 924 2346 solem
940 2292 973 2347 et
999 2306 1098 2348 unam

66 2368 146 2431 suri
161 2364 237 2510 (qui
259 2388 278 2429 a
298 2308 463 2452 praelecto
485 2367 579 2427 Darii
604 2368 690 2449 regis
714 2367 838 2429 occisus
862 2375 921 2429 est.
965 2366 1097 2452 Epami·

94 2447 230 2534 nonas]
260 2451 328 2512 eius
356 2450 441 2512 filius
468 2471 543 2528 rex,
579 2447 644 2534 [qui
671 2449 800 2513 Thebas
830 2449 1032 2515 Graecorum
1056 2450 1097 2487 **

68 2531 268 2615 spugnando
291 2534 379 2594 vicit.
424 2531 602 2594 Periander
621 2553 694 2614 rex,
725 2533 781 2618 qui
803 2531 952 2597 Corinthi
978 2552 1126 2618 regna-a

68 2615 143 2676 ovit
163 2613 205 2650 ³¹⁵*
227 2617 334 2677 omnia
354 2624 440 2678 terra
469 2625 500 2677 et
519 2616 600 2678 mari
621 2616 775 2679 Romanis
799 2616 998 2701 subiugavit.
1043 2616 1097 2680 Ti-

93 2697 235 2776 moleon,
266 2700 321 2782 qui
344 2697 493 2761 Corinthi
518 2699 652 2762 fratrem
673 2721 766 2763 suum
786 2709 978 2784 regnantem
999 2702 1097 2764 inter·

93 2781 185 2845 fecit:
208 2779 294 2844 idem
307 2789 339 2844 et
350 2781 546 2867 Dionysium
560 2782 690 2847 Siciliae
712 2805 823 2867 regem
845 2784 970 2869 expulit
992 2804 1098 2869 nequo

91 2867 162 2949 ipse
184 2863 226 2927 ab
250 2865 458 2929 offerentibus
484 2889 620 2950 regnum
640 2868 780 2952 accepit,
809 2867 867 2931 sed
891 2888 1000 2931 arcem
1019 2889 1098 2952 quo·

93 2969 160 3032 que.
182 2948 352 3012 demolitus
382 2958 440 3012 est.
491 2951 555 3014 Hic
583 2973 656 3014 cum
678 2952 821 3014 convitia
846 2950 932 3013 mala
958 2950 1128 3031 audiretur

91 3031 155 3093 ait:
179 3040 264 3095 ‘tota
282 3035 350 3094 vita
364 3055 436 3097 mea
457 3035 492 3098 id
513 3036 566 3119 egi
587 3045 623 3097 ut
644 3056 754 3099 omnes
772 3033 868 3097 liberi
889 3034 1072 3121 essemua'l

156 3155 323 3219 XXXHI.
377 3158 523 3223 REGES
555 3157 689 3223 ASIAE
723 3157 783 3221 ΕΤ
812 3156 1029 3221 PERGAMI.

71 3286 84 3335 1
179 3266 342 3331 Eumenes
366 3268 546 3332 Cardianus
567 3269 710 3355 Philippi
732 3269 750 3306 *
762 3269 779 3306 *
800 3267 982 3332 Alexandri
999 3270 1095 3332 armi·

94 3374 154 3436 ger
173 3351 447 3431 bellicosissimus,
471 3353 530 3416 scd
546 3375 660 3438 parum
678 3374 833 3437 prospera
854 3352 984 3415 fortuna
1004 3372 1094 3433 usus,

92 3436 176 3499 adeo
198 3445 304 3499 tame-u
327 3434 495 3518 terribilis,
521 3445 557 3499 ut
584 3437 707 3498 virens
749 3458 782 3499 eo
803 3456 897 3499 nemo
925 3454 1023 3497 ausus
1050 3435 1128 3499 sitas
