2266 3832
423 217 627 274 Llssussvl.
922 212 986 281 ,37

75 384 128 455 cia,
142 382 253 440 tertium
269 383 296 440 in
308 379 485 457 Macedonia,
499 380 661 459 quantumin
671 379 816 440 Dalmatia.
837 379 908 438 Nam
920 381 985 440 Ser·

26 467 33 476 “
74 465 173 540 torius,
187 467 235 542 qui
245 467 362 542 partium
369 464 552 524 Marianarum
563 464 664 539 iuerat,
677 465 776 522 timens
788 463 925 523 iortunam
937 482 985 523 ce·

75 557 208 624 terorum,
222 550 269 627 qui
281 550 439 626 interempti
452 556 540 625 erant,
559 546 593 607 ad
604 546 709 606 bellum
722 549 873 606 commovit
884 546 984 625 Hispa·

74 633 144 690 nias.
178 630 258 691 blissi
271 641 334 691 suut
346 642 441 693 contra
453 650 516 691 eum
528 630 616 690 duces
636 629 669 703 Q.
685 628 828 690 Caecilius
840 629 983 706 Metellus,

75 713 148 773 iilius
161 715 233 786 eius,
248 718 294 793 qui
306 713 468 793 Iugurtham
479 715 660 793 regemvicit,
674 722 703 773 et
712 711 890 773 L.Domitius
902 731 984 791 prae·

73 806 126 858 tor.
148 797 305 859 ASertorii
324 798 396 858 duce
408 798 546 858 Hirtuleio
558 798 699 857 Domitius
713 799 826 857 occisus
844 807 896 857 est.
924 796 984 856 Me-

73 879 158 940 tellus
170 884 248 941 vario
261 901 398 942 successu
415 891 512 942 contra
524 883 679 941 Sertorium
698 880 848 941 dimicavit.
881 880 984 941 Postea

74 983 136 1024 cum
149 967 239 1043 impar
248 984 360 1044 pugnae
371 964 589 1025 solusbletellus
604 973 757 1043 putaretur,
771 963 823 1025 (ln.
832 964 983 1043 Pompeius

73 1048 107 1107 ad
123 1047 272 1126 Hispanias
285 1051 387 1109 missus
400 1059 452 1110 est.
477 1049 520 1109 lta
531 1048 640 1108 duobus
653 1048 771 1108 ducibus
783 1049 910 1108 adversis
918 1048 983 1107 Ser·

72 1133 161 1191 torius
177 1133 288 1193 fortuna
298 1136 375 1193 varia
387 1151 474 1212 saepe
486 1135 630 1212 pugnavit.
665 1130 774 1192 Octavo
787 1132 898 1192 demum
910 1148 981 1192 anno
994 1157 1050 1200 nu,

72 1233 88 1275 a
100 1217 159 1274 suis
171 1218 286 1276 occisus
299 1226 351 1278 est.
370 1216 408 1275 Et
420 1217 481 1276 imis
493 1220 519 1275 ei
531 1215 608 1275 bello
621 1214 701 1274 datus
714 1225 757 1275 est
769 1233 821 1294 per
837 1216 886 1276 Cn.
901 1216 982 1276 Pom·
999 1223 1045 1269 ⁶5⁰-

73 1302 167 1375 poium
191 1298 404 1359 adolescentem
428 1308 456 1358 et
473 1298 508 1372 Q.
525 1297 670 1357 Metellum
691 1297 769 1357 Pium
785 1309 869 1377 atque
885 1317 983 1360 omnes

72 1381 322 1459 propeHispaniae
334 1384 362 1442 in
376 1381 517 1441 dicionem
526 1380 624 1459 populi
636 1380 753 1441 Romani
765 1382 897 1442 redactae
909 1392 982 1443 sunt.

135 1485 221 1544 (inu.
239 1483 276 1545 ll.
311 1483 356 1543 Ad
376 1482 570 1552 Macedoniam
584 1487 688 1544 missus
711 1494 756 1544 est
772 1483 883 1563 Appius
902 1485 1050 1547 clau-su.

71 1569 142 1631 dius.
175 1567 245 1628 Post
261 1567 435 1628 consulatum
452 1566 525 1627 levia
539 1566 647 1644 proelia
665 1568 761 1628 habuit
778 1578 874 1629 contra
892 1573 984 1630 varias
997 1563 1045 1612 ⁶⁷⁴·

70 1661 183 1731 gentes,
204 1670 276 1730 quae
287 1650 457 1730 Rhodopam
470 1652 642 1729 provinciam
653 1651 831 1729 incolebant,
848 1662 933 1732 atque
944 1655 983 1714 ibi

70 1736 169 1796 morbo
188 1745 314 1796 mortuus
332 1744 385 1797 est.
418 1734 524 1795 llissns
547 1736 574 1794 ei
591 1753 746 1795 successor
764 1733 797 1794 (i.
817 1737 982 1796 Scribonius
993 1769 1049 1812 gu,

67 1818 158 1889 ,Curio
171 1829 237 1898 post
252 1819 438 1881 consulatum.
456 1817 486 1879 ls
497 1817 645 1878 Dardanos
656 1821 725 1879 vicit
739 1828 767 1878 et
778 1838 869 1898 nsque
882 1820 917 1881 ad
928 1821 985 1882 Da·
1002 1837 1047 1880 arr.

70 1904 193 1964 nubium
206 1905 374 1982 penetravit,
397 1904 623 1981 triumphumque
642 1906 743 1962 meruit
763 1912 791 1962 et
812 1907 883 1964 intra
902 1906 1050 1964 trien-ov·

70 1991 145 2047 nium
156 1988 239 2047 linem
250 1986 326 2047 bello
339 1985 425 2046 dedit.
1004 1973 1048 2017 ⁶⁸¹·

139 2088 223 2146 Gar.
236 2085 286 2146 lll.
315 2085 360 2145 Ad
373 2085 501 2157 Ciliciam
519 2095 548 2146 et
566 2087 756 2166 Pamphyliam
770 2090 874 2148 missus
892 2099 936 2148 est
951 2091 980 2151 P.

72 2169 209 2230 Servilius
226 2189 262 2230 ex
279 2170 412 2246 consule,
433 2172 476 2229 rir
491 2178 631 2233 strenuus.
663 2171 691 2231 ls
709 2169 836 2232 (illiciam
856 2173 980 2250 subegit,
991 2177 1047 2223 au.

70 2253 175 2330 byciae
192 2254 277 2313 urbes
291 2253 461 2314 clarissimas
473 2258 649 2334 oppugnavit
659 2265 688 2315 et
705 2257 796 2333 cepit,
817 2257 845 2314 in
857 2256 901 2314 lris
911 2255 981 2317 Pira-
996 2244 1043 2289 ⁶⁷⁴·

70 2337 198 2414 selideru,
208 2337 369 2416 Olympum,
378 2336 519 2414 Corycum
531 2338 658 2400 Ciliciae.
680 2337 794 2399 Isauros
807 2356 921 2419 quoque
932 2359 981 2418 ag·

69 2440 187 2499 gressus
200 2421 234 2482 ad
246 2422 418 2482 deditionem
429 2422 550 2500 redegit,
564 2433 649 2502 atque
661 2426 732 2483 intra
743 2426 891 2484 triennium
904 2424 981 2485 bello

69 2505 152 2565 flnem
164 2505 249 2567 dedit.
277 2504 385 2566 Primus
397 2508 519 2566 omnium
529 2506 718 2567 Romanorum
730 2509 758 2566 in
769 2505 862 2567 'l'auro
874 2511 928 2568 iter
939 2508 980 2568 fe·

69 2591 116 2648 cit.
137 2589 297 2650 Rerertens
305 2588 859 2668 triumphurnaccepitetnomenlsaurioi
869 2594 980 2652 meruit.

134 2704 218 2766 Gar.
231 2702 279 2765 lv.
311 2703 356 2764 Ad
369 2703 512 2781 Hlyricum
528 2706 631 2764 missus
646 2716 691 2765 est
709 2704 741 2766 0.
754 2704 915 2769 Cosconius
927 2723 980 2786 pro

68 2786 195 2847 consule.
215 2786 329 2848 blultam
345 2798 451 2866 partem
462 2787 618 2848 Dalmatiae
630 2790 755 2867 subegit,
771 2789 890 2851 Salonas
903 2792 981 2869 cepit

66 2880 95 2930 et
107 2874 266 2949 composito
277 2871 354 2931 bebo
364 2872 481 2932 Romam
493 2880 559 2948 post
570 2872 711 2933 biennium
722 2872 815 2933 rediit.
838 2936 845 2946 ,

128 2972 180 3031 (in
189 2990 215 3031 r.
227 2971 262 3031 V.
275 2972 355 3052 (tv.)
375 2972 480 3034 lisdem
494 2977 669 3054 temporibus
680 2975 780 3036 consul
791 2974 827 3039 bl.
840 2975 977 3036 Aemilius
988 2983 1046 3030 AM·

63 3052 198 3133 Lepidus,
219 3053 311 3116 Catuli
323 3056 450 3137 collega,
468 3058 574 3119 bellurn
586 3059 670 3120 civile
681 3059 771 3120 voluit
783 3076 974 3138 commorere,
987 3050 1034 3096 ⁸⁷4

63 3140 134 3199 intra
145 3148 238 3199 tamen
249 3158 330 3200 unam
343 3149 479 3201 aestatem
496 3152 589 3202 motus
606 3145 668 3203 eins
679 3160 838 3222 oppressus
854 3154 906 3205 est.
935 3142 977 3204 ltu

63 3239 119 3281 uno
134 3233 265 3301 tempore
281 3224 360 3284 multi
379 3225 461 3285 simul
481 3227 613 3305 triumphi
627 3228 750 3302 fuerunt,
763 3225 870 3288 bletelli
882 3245 919 3287 ex
929 3226 976 3286 lli·

62 3309 171 3384 spania,
188 3307 317 3391 Pompeii
330 3308 471 3369 sccundus
483 3329 520 3370 ex
530 3310 674 3389 Hispania,
690 3309 821 3371 Curionis
835 3329 871 3371 ex
881 3309 976 3371 llaec·

62 3388 155 3466 donia,
169 3392 283 3452 Servilii
301 3411 337 3453 ex
350 3390 465 3454 isauria.
