2266 3832
403 210 435 294 I,
451 213 502 275 37.
514 212 554 274 38
568 208 636 298 [111,
653 213 683 275 2.
696 210 739 300 3].
1032 218 1072 279 51

55 380 170 466 egerit
198 380 396 464 imperator,
427 399 470 441 an
497 399 639 443 errorem
668 380 704 443 in
733 380 903 444 consilium
929 383 1074 464 verterit,

56 463 217 545 dubium3
242 470 332 527 certe
354 463 548 526 necessitate
571 471 644 526 acta
671 463 775 526 virtus
797 465 954 528 victoriae
976 486 1076 528 causa

55 546 135 613 suit.
176 566 254 611 nam
278 544 448 643 flagitante
474 566 592 631 aquam
622 547 781 627 exercitu,
814 548 855 609 ‘si
881 548 946 612 viri
972 549 1100 630 estis,’9

54 630 169 716 inquit
190 636 260 712 ‘en,
288 627 358 693 illic
378 627 530 692 habetis'
564 630 610 692 ita
632 649 674 692 ue
698 637 788 693 tanto
810 631 926 694 ardore
951 654 1074 716 pugna-

37 722 135 779 etum
158 722 222 797 est,
249 734 289 778 ea
315 711 432 777 caedes
456 712 597 777 hostium
611 651 697 794 luit,
727 723 763 776 ut
782 715 888 778 victor
911 715 1075 779 Romanus

57 806 196 863 cruento
215 796 350 861 flumine
369 815 436 860 non
456 794 529 881 plus
551 817 654 882 aquae
675 796 796 861 biberit
822 820 919 883 quam
945 800 1076 883 sangui·

56 882 112 945 nis
137 879 362 946 barbarorum.
403 888 491 944 certe
518 901 579 944 rex
598 881 668 966 ipse
692 881 918 961 Teutobodus,
949 892 1119 968 quater-lo

57 986 120 1031 nos
145 984 307 1051 senosque
328 984 429 1062 equos
449 963 614 1027 transilire
633 964 746 1028 solitus
753 1014 763 1046 ,
787 966 847 1029 vix
865 987 980 1047 unum,
1002 987 1075 1029 cum

58 1048 205 1135 fugeret,
231 1047 395 1127 ascendit,
421 1049 571 1134 proximo
594 1069 635 1111 ue
665 1050 699 1110 in
727 1048 812 1113 saltu
834 1049 1075 1134 conprehensus

10 1132 193 1217 ”insigne
219 1129 442 1218 spectaculum
468 1070 624 1217 triumplu
653 1131 726 1195 fuit.
774 1133 893 1279 quippe
921 1134 974 1196 vir
1000 1153 1075 1217 pro·

59 1215 206 1281 caritatis
230 1215 371 1279 eximiae
393 1236 491 1300 super
512 1223 647 1300 tropaea
669 1236 729 1278 sua
749 1217 853 1278 emine
877 1225 920 1278 at.

146 1297 290 1365 Sublatis
307 1298 454 1362 funditus
469 1298 625 1361 Teutonis
642 1299 677 1361 in
695 1297 844 1363 Cimbros
861 1300 1071 1362 convertitur.
1084 1310 1116 1359 11

58 1383 96 1449 lri
113 1382 182 1447 iam
199 1419 245 1432 -
265 1383 338 1468 quis
359 1381 530 1446 crederet?
553 1419 596 1431 -
616 1403 675 1466 per
697 1381 850 1463 hiemem,
875 1403 957 1468 quae
975 1380 1072 1444 altius

58 1466 163 1565 Alpes
183 1463 287 1547 levat,
310 1464 511 1529 Tridentinis
534 1465 620 1550 iugis
639 1466 674 1528 in
691 1464 820 1529 Italiam
836 1465 1000 1551 provoluti
1018 1486 1073 1528 ve·

19 1550 122 1616 ralutr
136 1550 233 1613 ruina
250 1548 495 1613 descenderant.
517 1548 666 1612 Athesim
681 1548 802 1612 flumen
818 1570 884 1613 non
899 1557 998 1634 ponte
1012 1569 1073 1611 nec
1083 1557 1116 1608 12

58 1632 216 1715 navibus,
238 1632 298 1697 sed
312 1631 453 1718 quadam
468 1631 645 1696 stoliditate
661 1632 833 1696 barbarica
847 1633 988 1718 primum
1005 1653 1073 1696 cor·

57 1714 195 1803 poribus
222 1715 386 1800 adgressi,
414 1724 585 1800 postquam
609 1716 749 1779 retinere
771 1737 898 1779 amnem
922 1715 1071 1779 manibus

10 1838 28 1875 μ
59 1810 92 1865 et
115 1798 160 1865 cli
184 1799 231 1863 eis
252 1798 375 1862 frustra
394 1807 646 1885 temptaverant,
671 1800 799 1883 ingesta
818 1800 904 1864 silva
922 1800 1073 1864 obrutum

58 1883 162 1949 trans‘
177 1902 270 1946 uere:
297 1884 326 1945 si
347 1883 457 1946 statim
477 1882 597 1945 infesto
618 1883 747 1966 agmine
769 1883 885 1949 urbem
905 1885 1071 1969 petissent,
1083 1897 1116 1949 13

29 1992 54 2035 ro
145 1966 187 2030 de
205 1965 394 2048 discrimem
418 1966 477 2030 sed
492 1967 527 2029 in
541 1966 703 2048 Venetia,
717 1960 783 2052 duo
798 1967 868 2031 fere
884 1976 991 2031 tractu
1008 1965 1072 2029 Ita-

10 2066 14 2115 ·.
128 2048 320 2113 mollissima
342 2058 405 2132 est,
435 2050 508 2148 ipsa
528 2049 591 2113 soli
611 2048 759 2135 caelique
780 2049 951 2114 clementia
972 2049 1073 2114 robur

59 2134 217 2218 elanguit.
241 2133 366 2198 adhoc
387 2154 482 2218 pams
506 2155 569 2196 usu
591 2133 763 2218 carnisque
785 2142 895 2197 coctae
916 2141 948 2197 et
965 2132 1073 2196 dulce·

59 2218 138 2284 dine
159 2216 230 2280 vini
255 2217 418 2301 mitigatos
443 2216 567 2280 Marius
589 2216 624 2278 in
645 2223 791 2301 tempore
812 2217 986 2300 adgressus
1012 2222 1072 2278 est.

57 2310 181 2367 venere
198 2300 261 2386 ipsi
277 2338 321 2349 -
337 2321 412 2364 nam
427 2308 532 2364 metus
548 2301 585 2362 in
601 2298 750 2363 barbaris
767 2299 857 2364 nulla
874 2301 1015 2385 vestigia
1028 2305 1116 2355 -14

29 2394 92 2453 aet
112 2384 200 2449 diem
222 2405 243 2470 p
313 2405 352 2448 ae
373 2405 394 2447 a
413 2393 524 2449 nostro
546 2384 740 2468 imperatore
766 2385 946 2469 petierunt;
969 2393 1001 2448 et
1023 2383 1072 2446 sic

56 2468 245 2555 proximum
288 2468 365 2532 edit.
396 2468 432 2532 in
452 2467 690 2555 patentissimo,
716 2489 811 2553 quem
830 2467 994 2532 Raudium
1014 2487 1071 2531 vo·

58 2562 150 2633 cant,
172 2572 243 2616 cam
268 2572 506 2617 oconeurrere.
533 2551 610 2615 inde
629 2551 720 2614 milia
738 2553 910 2636 sexaginta
928 2553 1071 2638 quinque

58 2636 224 2717 cecidere,
274 2636 326 2700 ‘no
347 2636 501 2700 trecentis
522 2635 645 2716 minusss
670 2657 730 2720 per
747 2656 874 2699 omnem
891 2636 978 2701 diem
996 2656 1070 2700 oon-

58 2720 181 2785 ciditnr
195 2717 365 2785 barbarus.
388 2720 463 2784 istie
479 2740 607 2805 quoque
625 2719 802 2804 imperator
818 2719 990 2783 addiderat
1004 2719 1069 2782 vir·
1081 2725 1114 2777 15

29 2804 122 2871 stati
143 2802 269 2885 dolum,
298 2811 427 2868 secutus
451 2802 648 2867 Annibalem
676 2810 842 2888 artemque
867 2803 1070 2883 Cannarum

56 2888 202 2975 primum
226 2885 419 2953 nebulosum
438 2896 574 2952 nanetus
597 2885 697 2968 diem,
719 2895 756 2951 ut
776 2886 863 2951 hosti
884 2888 1070 2973 inopinatus

58 2979 258 3053 occurreret,
279 2979 349 3035 tum
367 2979 539 3036 ventosum
560 2991 703 3057 quoque,
724 2979 761 3034 ut
780 2970 889 3056 pulvis
906 2972 941 3034 in
960 2970 1070 3035 oculos

58 3064 92 3121 et
118 3074 179 3121 ora
205 3054 359 3136 ferretur,
387 3064 456 3119 tum
483 3056 554 3119 acie
583 3076 742 3119 conversa
768 3056 804 3118 in
827 3056 998 3136 orientem,
1024 3062 1069 3134 ut,

78 3136 150 3203 uod
170 3152 213 3203 ex
233 3140 371 3225 captivis
393 3161 471 3204 mox
492 3139 657 3224 cognitum
680 3146 742 3220 est,
766 3161 809 3203 ex
824 3138 997 3225 splendore
1013 3158 1071 3223 ga·

29 3162 187 3289 alearum
207 3242 284 3288 aere
299 3244 489 3309 repercusso
506 3224 599 3308 quasi
615 3221 731 3286 ardere
749 3222 873 3287 caelum
891 3224 1069 3288 videretur.

58 3328 121 3373 nec
138 3307 246 3372 minor
263 3328 336 3371 cum
351 3307 509 3371 uxoribus
529 3327 639 3371 eorum
658 3327 769 3392 pugna
787 3328 883 3392 quam
902 3328 974 3370 cum
989 3304 1068 3390 ipsis
1081 3316 1110 3367 lt

59 3390 139 3474 fuit3
166 3410 242 3456 eum
269 3390 403 3456 obiectis
430 3391 574 3477 undique
598 3389 754 3488 plaustris
781 3399 877 3476 atque
908 3389 1067 3475 carpentis

59 3472 147 3539 ultan
168 3473 309 3560 desuper
332 3473 499 3539 securibus
521 3483 689 3548 sonusque
712 3482 905 3544 numerent.
932 3471 1102 3559 pericles*

896 3561 903 3592 J
914 3557 932 3580 Ι·
