2266 3832
95 253 98 257 -
150 212 191 272 20
498 214 716 283 uuruuru

150 378 254 438 Fabius
272 377 420 439 Maximus.
457 378 485 437 lu
503 397 567 437 eum
586 376 740 436 differendo
758 395 879 454 pugnam
902 377 936 435 ab
955 379 1067 454 impetu

151 463 248 538 fregit,
263 480 328 521 mox
341 465 453 520 inventa
466 463 618 520 occasione
631 463 709 519 vicit.

90 553 146 595 Ml·
210 545 297 604 Gur.
308 545 344 602 X.
366 546 431 624 (V.)
461 546 696 621 Quingentesimo
713 553 740 602 et
756 543 972 621 quadragesimo
989 562 1065 603 auno

91 621 138 663 ⁵³⁶‘
151 648 167 688 a
179 629 289 687 condita
303 629 370 686 urbe
382 628 403 686 L
425 629 561 687 Aemilius
574 627 685 703 Paulus,
698 627 728 687 P.
739 625 887 685 Terentius
897 627 986 685 Varro
998 645 1067 686 con·

150 722 192 771 tra
205 711 388 771 Hannibalem
410 715 569 786 mittuntur,
589 711 737 788 Fabioque
756 709 927 784 succedunt,
948 713 995 787 qui
1012 710 1067 770 Fa·

149 797 213 854 bius
230 797 327 854 ambos
342 797 474 855 consules
488 798 610 869 monuit,
632 806 662 853 ut
673 793 872 869 Hannibalem,
895 793 1015 852 calidum
1039 804 1068 853 et

150 882 342 955 impatientem
356 880 471 955 ducem,
498 897 553 938 nou
565 879 646 937 aliter
657 881 814 952 vincerent,
833 896 913 954 quam
926 877 1067 954 proelium

151 963 317 1022 differendo
341 963 444 1022 Verum
458 983 521 1021 curn
533 964 702 1039 impatientia
714 961 847 1020 Varronis
860 961 984 1019 consulis
997 978 1067 1019 con·
1112 980 1119 989 ·

149 1047 306 1105 tradicente
319 1048 437 1105 consule
449 1047 536 1106 altero
549 1047 623 1124 apud
636 1048 745 1120 vicum,
765 1047 812 1122 qui
834 1043 946 1104 Cannae
963 1045 1065 1121 appel-

148 1130 231 1204 latur,
249 1132 276 1187 in
286 1130 389 1206 Apulia
403 1141 554 1208 pugnatum
567 1140 660 1203 esset,
687 1130 769 1188 aurbu
783 1129 915 1187 consules
937 1129 972 1187 ab
991 1127 1066 1186 Han-

149 1212 242 1271 nibale
257 1215 414 1272 vincuntur.
448 1213 479 1272 ln
492 1233 524 1273 ea
539 1231 632 1290 pugna
649 1234 683 1272 ιιι
699 1212 774 1272 milia
788 1212 920 1270 Afrorum
935 1221 1066 1288 pereunt,

149 1315 249 1373 magna
263 1315 327 1373 pars
341 1297 377 1358 de
389 1301 515 1356 exercitu
527 1297 688 1356 Hannibalis
702 1298 851 1355 sauciatur.
872 1295 957 1354 Nullo
971 1304 1067 1354 tamen

149 1379 254 1438 Punico
267 1381 344 1440 bello
356 1382 473 1440 Romani
487 1385 601 1457 gravius
617 1383 728 1457 accepti
739 1389 810 1439 sunt.
841 1379 927 1439 Periit
942 1381 1016 1437 enim
1038 1380 1066 1437 in

151 1480 187 1521 eo
203 1463 340 1522 Aemilius
357 1464 459 1523 Paulus
475 1465 592 1541 consul,
615 1463 779 1523 consulares
795 1472 843 1523 aut
862 1461 996 1540 praetorii
1014 1481 1065 1538 xx,

151 1555 299 1605 senatores
314 1550 389 1625 capti
405 1558 452 1606 aut
467 1551 556 1606 occisi
570 1567 642 1624 xxx,
666 1547 777 1606 nobiles
791 1549 844 1606 viri
854 1567 926 1624 ecc,
946 1546 1066 1604 militum

149 1650 186 1688 ιιι
201 1629 291 1705 milia,
310 1634 434 1708 equitum
449 1650 483 1690 ιιι
499 1630 573 1690 milia
589 1641 617 1690 ct
629 1633 784 1709 quingenti.
817 1630 849 1689 ln
865 1631 966 1708 quibus
983 1629 1066 1688 malis

150 1729 233 1770 nemo
253 1722 344 1772 tamen
359 1713 548 1773 Romanorum
561 1717 640 1791 pacis
659 1716 830 1773 mentionem
845 1709 950 1773 habeie
967 1713 1066 1789 digna·

149 1805 193 1854 tus
207 1804 258 1853 est.
282 1797 380 1873 Servi,
394 1796 471 1875 quod
485 1817 625 1875 nunquam
637 1809 712 1873 ante,
733 1799 894 1856 manumissi
911 1807 940 1856 et
957 1797 1065 1856 milites

108 1883 110 1890 '
151 1880 217 1937 lacti
231 1888 305 1938 sunt.

211 1963 263 2020 Ca
272 1982 297 2020 n.
310 1962 360 2021 XI.
374 1963 415 2038 (V
416 1963 455 2042 l.)
482 1962 551 2022 Post
562 1982 624 2021 eam
635 1981 757 2040 pugnam
768 1963 871 2023 multae
883 1962 981 2022 ltaliae
994 1965 1065 2023 civi·

147 2055 232 2121 tates,
246 2064 319 2123 quae
332 2047 464 2105 Romanis
482 2057 641 2124 paruerant,
658 2066 690 2105 se
701 2047 736 2105 ad
747 2046 929 2106 Hannibalem
942 2055 1052 2105 transtu

146 2128 248 2188 lerunt.
273 2129 408 2189 Hannibal
421 2129 553 2189 Humanis
570 2130 680 2207 obtulit,
694 2140 724 2190 ut
740 2132 867 2208 captivos
879 2130 1063 2208 redimerent,

147 2229 375 2291 responsumque
394 2223 465 2272 esta
480 2225 595 2291 senatu,
616 2233 668 2274 eos
684 2217 763 2273 cives
779 2230 835 2273 non
850 2233 916 2274 esse
926 2231 1064 2274 necessa·

146 2298 216 2371 rios,
232 2299 290 2374 qui,
309 2315 371 2354 cum
383 2300 478 2356 armati
493 2307 604 2372 essent,
624 2300 686 2376 capi
705 2300 873 2376 potuissent.
896 2296 948 2356 Hle
962 2314 1064 2357 omnes

148 2389 248 2455 postea
266 2381 351 2439 variis
368 2380 516 2456 suppliciis
539 2382 696 2459 interiecit,
720 2392 749 2443 et
768 2382 1063 2442 tresmodios‘aureo·

146 2481 206 2521 rum
219 2462 383 2521 annulorum
395 2462 593 2542 Carthaginem
606 2468 698 2543 misit,
720 2484 792 2545 quos
807 2485 824 2526 e
839 2466 966 2525 manibus
980 2467 1058 2542 cqui-

145 2554 203 2603 tum
214 2545 414 2623 Romanorum,
436 2558 611 2625 senatorum,
638 2559 667 2608 et
680 2550 797 2610 militum
810 2550 978 2609 detraxerat.
1014 2547 1062 2608 In·

145 2636 224 2688 terea
239 2631 267 2688 in
282 2628 426 2706 Hispania,
451 2633 498 2691 ubi
509 2633 595 2692 frater
606 2633 770 2694 Hannibalis
784 2632 941 2693 Hasdrubal
951 2650 1060 2692 reman-

145 2721 220 2770 serat
233 2731 296 2771 cum
308 2731 409 2790 magno
429 2717 566 2792 exercitu,
583 2727 612 2775 ut
627 2736 689 2776 eam
703 2726 790 2776 totam
804 2717 882 2775 Afris
898 2716 1059 2793 subigeret,

144 2812 160 2853 a
172 2795 282 2854 duobus
295 2798 494 2874 Scipionibus,
512 2799 647 2859 Romanis
659 2800 788 2874 ducibus,
800 2801 937 2876 vincitur,
954 2799 1056 2876 perdit·

144 2897 200 2955 que
212 2881 240 2937 in
252 2898 345 2957 pugna
361 2901 434 2940 xxxv
446 2883 521 2940 milia
535 2884 685 2942 hominum.
707 2881 752 2942 Ex
763 2883 806 2942 his
822 2886 968 2961 capiuntur
978 2903 996 2941 x
1007 2885 1059 2941 ml·

142 2960 189 3036 lia,
209 2963 374 3023 occiduntur
387 2985 453 3024 xxv.
485 2965 630 3024 Mittuntur
649 2967 675 3024 ei
693 2984 709 3025 a
726 2964 1005 3045 Carthaginiensibus
1022 2966 1060 3026 ad

141 3046 310 3186 rqpaplandas
329 3049 405 3107 vires
425 3069 463 3108 xn
480 3048 554 3108 milia
573 3048 714 3127 peditum,
735 3069 764 3110 ιν
778 3052 855 3112 milia
867 3052 1004 3130 equitum,
1020 3070 1058 3110 xx

144 3145 209 3204 eep
230 3132 296 3188 anti.

82 3226 139 3272 eu.
206 3212 293 3272 Gur.
310 3213 374 3274 XH.
388 3213 477 3294 (VH.)
500 3215 581 3273 Anno
601 3225 700 3291 quarto
713 3227 794 3295 post,
813 3237 895 3296 quam
909 3219 936 3277 in
948 3214 1055 3280 Italiam

87 3295 133 3337 ⁵³⁷·
140 3293 277 3356 Hannibal
294 3300 387 3372 venit,
409 3297 446 3356 H.
461 3297 594 3357 Claudius
610 3298 762 3360 Marcellus
783 3300 883 3360 consul
903 3300 977 3378 apud
995 3301 1053 3361 No·

139 3375 203 3452 lam,
220 3382 361 3440 civitatem
377 3381 562 3458 Campaniae,
587 3393 683 3443 contra
700 3384 883 3444 Hannibalem
905 3385 980 3445 bene
1002 3403 1053 3463 pu·
