2266 3832
140 178 180 242 70
496 189 715 248 uuruouir

140 352 290 410 contractis
303 355 395 432 copiis
407 373 504 414 rursus
517 373 579 412 curn
592 353 718 431 Narseo,
737 353 904 414 llonnisdae
920 363 950 414 et
965 355 1061 434 Sapo·

61 495 63 501 ,
139 434 177 490 ris
193 451 257 511 avo,
272 438 298 496 in
309 436 441 497 Armenia
456 439 554 497 maiori
567 440 700 515 pugnavit
711 456 848 497 successu
864 440 987 516 ingenti,
1006 457 1062 500 nec

140 519 519 600 nrinoreoonsiliosimulque
530 521 702 598 fortitudine,
711 525 817 601 quippe
829 524 877 600 qui
889 523 978 581 etiam
991 540 1060 601 spe·

141 602 274 663 culatoris
297 623 396 665 munus
419 624 482 665 cum
503 605 591 664 altero
614 623 647 664 ac
665 608 747 665 tertio
764 606 860 684 equite
879 608 1059 684 susceperit.

93 695 118 734 Ρ
138 681 221 747 Pulso
233 688 343 748 Narseo
356 698 446 749 castra
457 691 518 749 eius
529 688 651 767 diripuit.
672 689 793 764 Uxores,
807 705 935 765 sorores,
945 688 1059 749 liberos

72 764 125 807 ΡΝ
79 775 225 875 297cepit,
240 773 373 833 infinitam
385 775 561 833 extrinsecus
582 772 727 833 Persarum
742 772 933 872 nobilitatem,
953 791 1059 850 gazam

79 834 280 916 ²⁹⁷‘Persioam
291 858 545 934 copiosissimam.
556 854 674 933 ipsum
666 876 693 916 m
705 856 815 916 ultimas
829 874 910 933 regni
902 855 1058 916 solitudi-

138 959 188 999 nes
197 942 264 1019 egit.
281 939 375 1014 Quare
387 941 421 1000 ad
431 940 636 1000 Diocletianum
648 938 886 1019 inlllesopotamia
895 957 962 998 cum
970 958 1057 1017 prae-

140 1024 217 1084 sidiis
229 1034 287 1084 turn
299 1033 452 1084 morantem
465 1040 551 1083 ovans
558 1043 707 1101 regressus
721 1024 1057 1102 ingentilronorcsus'ce-

71 1113 120 1221 ck
97 1117 204 1221 Nptus
217 1117 270 1168 est.
302 1109 385 1168 Varia
403 1108 538 1184 deinceps
558 1118 585 1167 et
601 1107 682 1166 simul
697 1117 725 1167 et
739 1109 840 1167 viritim
856 1106 933 1168 bella
950 1125 1057 1186 gesse·

97 1181 202 1251 Nrunt
204 1189 326 1270 ,Carpis
338 1200 366 1251 et
376 1192 518 1251 basternis
531 1192 666 1267 subactis,
680 1193 811 1251 Sarmatis
821 1192 916 1266 victis,
935 1209 1058 1270 quarum

140 1277 281 1336 nationum
297 1278 427 1354 ingentes
445 1277 619 1354 captivorum
637 1277 734 1353 copias
752 1278 780 1335 in
796 1275 931 1336 Romanis
951 1275 1058 1335 linibus

139 1361 314 1421 locaverunt.

202 1444 287 1506 Dur.
301 1443 402 1506 XXVI.
411 1443 518 1523 (xvi.)
534 1443 728 1503 Diocletianus
737 1452 860 1504 moratus
873 1442 977 1504 callide
988 1442 1056 1522 fuit,

139 1548 226 1606 sagax
239 1538 393 1606 praeterea¹
404 1538 432 1587 et
443 1525 590 1587 admodum
602 1527 712 1588 subtilis
725 1529 849 1605 ingenio,
866 1529 956 1605 etqui
969 1545 1056 1587 seve-

139 1615 248 1672 ritatem
257 1631 335 1672 suam
347 1611 438 1671 aliena
451 1610 552 1671 invidie
563 1610 650 1671 vellet
663 1610 789 1690 explere.
808 1610 1057 1690 Diligentissimus

139 1707 230 1756 tamen
246 1706 274 1754 et
291 1694 504 1754 sollertissimus
523 1696 666 1772 princeps,
689 1697 776 1774 etqui
791 1696 909 1772 imperio
922 1693 1057 1755 Romano

140 1783 245 1859 primus
262 1782 359 1857 regiae
378 1778 589 1838 consuetudinis
600 1779 716 1839 iormsm
728 1780 834 1856 magis,
853 1795 936 1857 quam
948 1777 1055 1839 Romu-

139 1883 192 1924 nae
210 1863 347 1923 libertatis
365 1864 469 1922 invexit
485 1863 652 1941 adorarique
664 1881 696 1922 se
713 1864 809 1939 iussit,
834 1866 897 1921 curn
908 1871 977 1923 ante
989 1881 1058 1922 eum

141 1950 232 2007 cuncti
252 1947 445 2007 salutarentur.
480 1947 646 2006 Ornamenta
662 1965 833 2025 gemmarum
847 1945 976 2005 vestibus
997 1945 1057 2006 cal·

141 2033 352 2110 coamentisque
369 2031 475 2091 indidit.
507 2029 577 2091 Nam
590 2033 667 2109 prius
685 2032 795 2109 imperii
808 2031 918 2107 insigne
934 2030 965 2089 in
977 2029 1056 2090 chla-

140 2116 222 2194 myde
235 2134 374 2194 purpurea
386 2125 489 2176 tantum
502 2125 571 2192 erat,
584 2115 692 2195 reliqua
704 2116 869 2174 communia.

202 2202 287 2261 Car.
300 2199 416 2261 XXVII.
446 2200 595 2260 Herculius
603 2207 699 2258 autem
713 2197 857 2276 propalam
870 2197 947 2257 ierus
967 2207 998 2259 et
1013 2200 1056 2259 in·

141 2284 231 2344 civilis
247 2286 367 2363 ingenii,
390 2287 571 2363 asperitatem
582 2301 660 2342 suam
672 2285 755 2342 etiam
772 2281 865 2342 vultus
877 2281 997 2341 horrore
1016 2283 1056 2342 si·

134 2368 285 2445 ,gnificans
315 2367 488 2427 Hicnaturae
501 2385 569 2426 suae
578 2364 725 2444 indulgens
732 2366 911 2426 Diocletiano
923 2367 951 2424 in
962 2367 1056 2426 omni-

139 2452 203 2526 bus,
220 2453 303 2510 etiam
318 2452 509 2511 severioribus
526 2449 663 2525 consiliis,
681 2450 835 2510 obsecutus
847 2458 900 2510 est.
925 2445 999 2510 Dum
1013 2456 1056 2510 ta·

140 2552 204 2594 meu
220 2536 436 2612 ingravescente
456 2551 529 2594 aevo
545 2551 641 2612 parum
659 2553 690 2593 se
707 2534 839 2594 idoneum
854 2532 1056 2594 Diocletianus

140 2616 311 2677 moderando
324 2620 444 2696 imperio
457 2637 523 2678 esse
535 2619 662 2694 sentiret,
675 2628 775 2679 auctor
784 2617 920 2678 lierculio
933 2617 1002 2693 iuit,
1025 2625 1058 2677 ut

140 2703 168 2762 in
187 2704 320 2780 privatam
334 2704 419 2761 vitam
441 2701 632 2762 concederent
653 2711 683 2761 et
702 2704 852 2762 stationem
867 2699 990 2761 tuendae
1012 2701 1057 2761 rei

89 2816 115 2858 p,
141 2786 271 2864 publicae
283 2785 462 2846 viridioribus
475 2786 687 2865 iunioribusque
701 2786 872 2846 mandarent.
900 2783 953 2845 Cui
964 2802 1059 2864 aegro

73 2884 128 2927 cu.
142 2870 254 2948 collega
265 2870 478 2970 obtenrpemvit.
512 2869 616 2931 Tamen
627 2878 746 2950 uterque
759 2889 812 2929 una
824 2869 870 2929 die
882 2870 992 2947 privato
1006 2869 1058 2929 ba·

86 2953 128 2995 ¹⁰⁴
141 2956 230 3016 bitu
221 2955 331 3033 imperii
353 2956 463 3033 insigne
484 2956 616 3029 mutavit,
639 2953 823 3014 Nicomediae
845 2952 1057 3030 Diocletianus,

142 3037 291 3098 Herculius
301 3036 463 3115 Mediolani,
482 3047 547 3118 post
558 3038 726 3117 triumphum
737 3037 880 3115 inclutum,
900 3054 984 3116 quem
996 3035 1058 3097 ltn-

104 3111 204 3205 {mae
216 3141 252 3183 ex
263 3125 420 3183 numerosis
432 3142 468 3178 ιιι
470 3125 563 3183 ιιιίιιιιε
578 3131 704 3201 egerant,
725 3122 899 3222 pompalem
885 3120 1014 3180 mliorum
1025 3120 1060 3181 il·

115 3181 405 3287 t'usutqualtaru
455 3224 609 3266 -·ιιιι-ιιι
611 3215 840 3284 *orasquee'1¹
875 3245 882 3250 -
921 3213 974 3250 --ιι
958 3221 1059 3266 ecur-

153 3311 204 3351 ιιιιι
219 3292 361 3353 duotigur.
431 3329 444 3338 ..
654 3309 695 3334 nm
712 3288 786 3334 Quin.
816 3333 819 3338 ,
851 3325 866 3338 ,.
889 3325 903 3334 ,.
955 3290 1064 3351 ‚lippia

168 3378 290 3436 'scaniam

71 1180 126 1291 cbiiii.
