2266 3832
269 237 375 284 nnsns
391 236 619 285 uuuounms.
643 210 806 288 XLVI—
818 226 857 290 L.
1029 235 1068 295 3:

319 435 479 501 XLVIII.
510 437 574 501 DE
598 437 810 506 GOMITHS.

145 553 286 620 Comitia
307 556 458 620 dicuntur
481 578 501 620 a
522 560 676 624 comitatu
698 569 730 624 et
756 560 953 648 frequentia,
979 569 1092 651 quodr

54 647 168 726 patres
200 649 233 703 et
260 639 381 703 classes
416 641 459 704 ad
486 641 642 727 suffragia
664 653 823 709 vocantur
855 647 1068 714 creandorum

25 734 29 739 ’
54 724 305 807 magistratuum
326 723 380 787 vel
404 724 609 790 sacerdotum
630 748 738 791 causa.
784 727 996 794 Comitiorum
1010 754 1094 802 sau-2

30 814 124 870 stem
141 806 264 892 triplex
280 807 362 871 ratio
381 817 446 871 est:
468 807 550 872 haec
567 811 706 893 curiata,
728 811 809 876 haec
830 813 968 897 tributa,
985 816 1067 880 haec

56 893 240 954 centuriata
261 889 428 972 dicuntur,
458 893 533 977 quia
554 902 609 956 aut
627 915 687 978 per
705 896 827 977 curias,
854 906 910 959 aut
931 921 990 984 per
1010 901 1066 963 tri·

53 973 135 1055 bus,
161 982 216 1037 aut
237 995 296 1060 per
323 975 486 1038 centurias
512 975 726 1062 explicantur.
773 977 807 1044 Si
829 982 1094 1058 translaticium

57 1059 103 1120 sit
123 1065 154 1120 et
174 1057 318 1140 solitum,
346 1057 387 1121 de
429 1079 472 1122 uo
499 1060 638 1145 populus
662 1061 724 1143 **,
757 1065 890 1128 curiatis
912 1067 1065 1151 transigi-

55 1149 127 1203 tur:
151 1141 179 1203 si
200 1141 352 1226 amplius,
374 1080 522 1205 tributis:
553 1145 582 1207 si
598 1145 632 1206 in
654 1165 778 1210 summo
797 1147 984 1213 discrimine
1007 1158 1065 1232 est,

17 1231 128 1372 replum
150 1223 242 1290 miles
269 1225 311 1291 ad
334 1224 492 1310 suffragia
517 1235 652 1291 vocatur
674 1237 706 1293 et
732 1232 863 1295 comitia
886 1234 1068 1298 centuriata

82 1308 219 1372 cuntur.
524 1329 529 1338 ·

118 1420 294 1486 XLVIIII.
336 1427 395 1487 DE
418 1427 573 1488 POPVLI
596 1427 762 1488 ROMANI
782 1430 953 1491 MSTRIB
962 1435 1005 1493 V-

454 1525 597 1586 TIONIB
606 1523 663 1587 VS.

140 1635 377 1721 Antiquissima
404 1657 446 1721 po
468 1635 517 1699 uli
545 1635 686 1700 Romani
721 1635 906 1701 distributio
943 1639 1088 1725 triplexl

19 1742 47 1787 rs
57 1728 122 1800 est,
155 1739 253 1805 quam
272 1718 431 1782 Romulus
447 1657 543 1783 lecit:
566 1721 601 1782 in
628 1740 754 1803 regem,
776 1721 812 1784 in
837 1712 998 1804 senatum,
1029 1725 1063 1787 in

55 1801 227 1890 populum,
258 1805 314 1888 qui
333 1802 472 1889 populus
491 1805 526 1866 in
547 1812 614 1866 tres
634 1803 738 1867 tribus
760 1803 982 1888 dividebatur,
1009 1806 1063 1870 Ti·

55 1888 212 1968 tiensem‚
244 1885 477 1968 Lucerensem‚
511 1886 714 1951 Ramnetem.
777 1886 922 1973 Sequens
950 1890 1089 1988 populi:

57 1970 197 2036 Romani
222 1969 407 2034 distributio
435 1971 495 2035 sub
521 1969 636 2034 Servio
659 1969 767 2033 Tullio
787 1993 823 2035 re
848 1992 883 2054 c,
933 1995 968 2035 ur
990 1995 1063 2038 eum

10 2084 15 2093 ·
55 2055 93 2118 in
113 2054 234 2136 tribus,
269 2053 405 2135 classes,
440 2055 602 2118 centurias
633 2054 745 2117 divisit
773 2063 805 2117 et
851 1995 991 2119 'strilruit
1012 2078 1062 2118 ra-

19 2140 144 2208 atione
164 2160 296 2219 census,
320 2145 357 2201 nt
372 2139 510 2222 optimus
533 2145 565 2200 et
581 2138 854 2222 locupletissimus
875 2141 1011 2226 quisque
1028 2141 1063 2201 in

56 2221 236 2308 suffragiis,
254 2221 290 2286 id
307 2231 356 2285 est
371 2222 405 2284 in
425 2243 461 2284 re
478 2219 610 2307 publica
625 2221 800 2306 plurimum
817 2221 951 2285 valeret.
981 2220 1087 2287 Ter-3

54 2307 102 2370 tia
123 2306 241 2371 divisio
264 2314 312 2371 est
333 2307 369 2368 in
390 2313 544 2391 patronos
567 2314 599 2368 et
621 2304 805 2386 clientelas,
831 2306 909 2391 quia
930 2305 1062 2369 inferio·
1093 2318 1096 2324 ‘

54 2411 108 2456 res
127 2392 330 2476 superiorum
347 2411 382 2453 se
404 2387 481 2452 fidei
506 2387 759 2453 committebant.

285 2517 325 2581 L.
368 2517 432 2581 DE
453 2515 598 2582 REBVS
620 2513 838 2608 PVBLICIS,

20 2656 46 2700 2:
139 2629 261 2692 Rerum
278 2629 482 2714 publicarum
498 2631 563 2693 tria
577 2650 699 2715 genera
717 2637 806 2692 sunt:
822 2630 963 2713 regium,
981 2632 1062 2715 opti·

55 2722 192 2794 matum,
224 2713 391 2798 populare.
444 2715 514 2777 Aut
538 2716 624 2778 enim
650 2712 710 2776 sub
737 2733 852 2796 regum
879 2721 954 2775 sunt
997 2722 1061 2777 ote·

56 2807 155 2879 state,
186 2805 222 2860 ut
244 2794 393 2861 Seleucia
418 2797 627 2862 Parthorum:
657 2805 713 2859 aut
737 2804 884 2875 senatus,
909 2805 945 2859 ut
1011 2817 1061 2860 as-

55 2880 130 2945 silia
157 2879 341 2945 Gallorum:
375 2890 431 2945 aut
463 2902 498 2944 se
530 2882 593 2967 ipsi
620 2887 753 2963 regunt,
781 2887 817 2941 ut
843 2878 1061 2944 Athenienses

54 2963 214 3029 solebant.
258 2964 321 3028 Est
344 2974 379 3030 et
416 2973 545 3027 uartum
566 2984 687 3048 genus,
709 2961 795 3048 quod
817 2959 957 3024 Romani
978 2983 1062 3027 com-

21 3051 155 3112 umenti
178 3059 267 3132 sunt,
292 3058 329 3113 ut
350 3071 392 3113 ex
433 3049 461 3110 is
480 3047 584 3111 tribus
606 3067 707 3110 unum
728 3045 911 3108 efficerent:
937 3066 1014 3109 narn
1031 3055 1063 3111 et

54 3134 179 3217 regiam
196 3142 389 3219 potestatem
412 3131 561 3196 consules
583 3128 720 3209 habent,
743 3137 775 3190 et
795 3150 896 3214 penes
914 3138 1061 3193 senatum

53 3215 181 3280 consilii
197 3218 320 3303 publici
336 3237 463 3282 summa
474 3224 540 3295 est,
560 3224 591 3278 et
606 3211 700 3299 plebs
717 3210 816 3275 habet
834 3212 1062 3298 suffragiorum

52 3307 253 3384 potestatem.

453 3508 659 3524 Μ-
