2266 3832
369 221 736 309 am-mpa-a
1020 224 1060 285 a

55 390 198 455 victoria
208 388 281 453 fuit.
311 409 385 451 nam
403 398 516 474 postea
533 411 708 476 numquam
726 411 824 454 ausus
836 389 992 474 congredi
1002 411 1062 453 rcx

54 473 102 539 ad
121 472 273 554 tumulos,
290 493 371 558 quos
390 472 635 557 Cynocephalas
654 482 781 552 vocant,
803 495 868 538 uno
886 494 925 536 ac
942 494 983 535 ne
1000 473 1062 536 hoc

57 555 193 643 quidem
210 557 296 620 iusto
313 554 437 639 proelio
456 557 656 641 opprimitur.
687 565 719 620 et
734 556 784 620 illi
801 556 931 643 quidem
949 554 1061 620 consul
1074 565 1108 614 12

122 660 174 702 em
191 638 281 703 dedit
301 658 438 721 regnum
460 660 501 701 ue
522 641 690 721 concessit,
713 661 799 721 mox,
821 661 862 703 ne
901 639 959 703 uid
976 647 1062 701 esset

30 742 46 785 a
82 720 188 803 ostile,
205 720 334 784 Thebas
352 729 385 784 et
400 720 454 783 Eu
478 743 568 785 oeam
587 732 619 785 et
636 731 838 806 grassantem
857 745 895 786 su
933 720 1062 784 Nabide

53 814 199 891 tyranno
212 825 270 868 suo
287 813 320 867 et
330 803 576 869 Lacedaemona
587 807 785 890 conpescuit.
815 805 973 870 Graeciae
984 826 1062 869 vero
1077 818 1110 870 13

54 896 203 952 veterem
214 895 333 951 statum
342 886 494 968 reddidit,
511 897 548 951 ut
560 887 687 971 legibus
706 890 834 953 viveret
851 889 918 952 suis
932 898 963 950 et
975 889 1064 950 avita

55 970 210 1034 libertate
231 970 404 1033 frueretur.
437 991 519 1054 quae
542 971 677 1053 gaudia,
730 993 791 1035 uae
812 970 1062 1034 vociferationes
1077 985 1110 1036 14

55 1052 200 1133 fuerunt,
220 1073 294 1116 cum
310 1051 372 1117 hoc
388 1052 472 1116 forte
489 1051 632 1116 Nemeac
649 1055 684 1116 in
700 993 825 1118 theatro
843 1055 1062 1139 quinquenna-

23 1149 51 1193 10
61 1134 151 1201 libus
162 1135 248 1199 ludis
265 1156 285 1197 a
295 1155 454 1220 praecone
466 1136 649 1198 caneretur!
673 1159 736 1221 quo
749 1146 915 1200 certavere
929 1136 1062 1234 plausu!

58 1217 141 1306 quid
150 1216 266 1283 florum
277 1219 312 1280 in
324 1216 489 1283 consulem
498 1217 727 1303 profuderunt!
749 1228 781 1281 et
798 1221 915 1282 iterum
933 1228 1063 1283 1terum-
1078 1239 1112 1291 15

81 1321 124 1364 ue
139 1321 334 1386 praeconem
350 1308 496 1383 repetere
513 1321 627 1364 vocem
642 1300 732 1363 illam
753 1300 918 1382 iubebant,
944 1324 1008 1386 qua
1027 1301 1064 1363 li-

57 1322 171 1449 herus
180 1383 325 1446 Achaiae
343 1381 624 1467 pronuntiabatur,
648 1405 708 1448 nec
727 1382 822 1446 aliter
833 1382 890 1445 illa
901 1382 1066 1447 consulari

59 1467 223 1531 sententia
252 1487 327 1529 uam
337 1465 594 1529 modulatissimo
607 1466 715 1553 aliquo
726 1464 880 1529 tibiarum
892 1475 946 1529 aut
953 1465 1066 1529 fidium

24 1549 242 1613 racantufrue
266 1558 372 1612 antur.

57 1678 211 1745 XXIIII.
229 1679 414 1744 BELLVM
433 1678 663 1744 SYRIAOVM
679 1679 814 1746 REGIS
831 1679 1064 1746 ANTIOCHI·

145 1797 370 1862 Macedoniam
386 1798 468 1861 Asia
485 1799 594 1861 statim
616 1807 647 1862 et
664 1821 775 1882 regem
792 1799 980 1899 Philippum
995 1801 1132 1889 An-11,8

59 1878 190 1945 tiochus
205 1883 335 1978 excepit
353 1882 492 1967 quodam
503 1903 590 1964 casu,
612 1884 704 1967 quasi
722 1883 762 1946 de
773 1882 934 1947 industna
953 1884 1065 1948 sicad-

108 1961 266 2028 bernante
286 1968 425 2043 fortuna,
447 1974 484 2027 ut
508 1986 603 2051 quem
624 1965 668 2028 ad
688 1965 819 2030 modum
841 1965 882 2029 ab
900 1965 1014 2029 Africa
1031 1970 1066 2032 in

21 2062 53 2105 ro
96 2044 232 2128 chasiam,
250 2048 297 2110 sic
307 2046 350 2110 ab
360 2046 486 2110 Achaia
501 2048 536 2109 in
547 2049 661 2110 Asiam
671 2047 755 2113 ultro
769 2070 803 2111 se
817 2050 1065 2131 suggerentibus

60 2128 170 2193 causis
183 2130 354 2215 imperium
369 2131 567 2214 procederet,
588 2140 620 2193 et
638 2152 710 2193 curn
725 2140 884 2194 terrarum
901 2130 988 2195 orbis
1001 2136 1066 2198 situ

60 2211 134 2310 ipse
152 2211 232 2276 ordo
247 2213 456 2276 victoriarum
476 2214 657 2297 navigaret.
690 2234 756 2278 non
774 2212 865 2277 aliud
880 2214 1096 2281 formidoloa

62 2315 131 2358 arus
147 2293 235 2358 fama
252 2293 375 2359 bellum
391 2295 468 2379 fuit3
488 2297 607 2394 quippe
624 2317 696 2359 cum
713 2297 831 2360 Persas
851 2305 882 2361 ct
899 2299 1064 2381 orientem,

60 2375 200 2441 Xerxen
216 2378 322 2465 adque
333 2376 471 2442 Darium
481 2388 672 2462 cogrtarent,
690 2380 819 2466 quando
830 2381 969 2465 perfossi
983 2383 1066 2447 invii

20 2468 198 2542 sementes,
211 2461 339 2547 quando
351 2459 465 2527 veliso
490 2471 594 2525 ertum
604 2484 692 2527 mare
704 2465 917 2527 nuntiaretur.
949 2465 1065 2531 adhoc
1079 2466 1095 2517 3

58 2541 219 2609 caelestes
230 2545 336 2607 minae
348 2485 547 2626 territabant,
566 2567 639 2608 cum
656 2568 767 2611 umore
785 2548 937 2612 continuo
951 2547 1065 2613 Cuma-

58 2646 124 2690 nus
134 2625 254 2711 Apollo
267 2626 408 2690 sudaret.
432 2627 491 2691 sed
503 2627 556 2691 hic
567 2627 709 2692 faventis
720 2629 821 2693 Asiae
834 2652 910 2694 suae
922 2634 1064 2696 numinis

58 2710 159 2774 timor
172 2719 251 2773 erat.
273 2731 334 2773 nec
348 2730 425 2773 sane
436 2711 517 2774 viris
530 2711 645 2795 opibus
657 2714 819 2811 armisque
832 2714 1003 2799 quicquam
1014 2725 1092 2780 co-4

58 2792 186 2878 piosius
199 2790 221 2856 S
262 2793 309 2874 ia3
328 2792 387 2856 sed
403 2794 438 2855 in
453 2815 567 2857 manus
584 2803 651 2858 tam
668 2796 780 2878 ignaru
795 2797 882 2880 regis
897 2798 1064 2880 inciderat,

21 2884 100 2947 aaut
115 2874 198 2939 nihil
230 2877 315 2939 uerit
332 2876 367 2938 in
385 2877 546 2941 Antiocho
563 2879 740 2962 speciosius
760 2901 855 2965 quam
894 2879 959 2944 uod
973 2882 1065 2944 aRo·

58 2958 167 3022 manis
178 2959 284 3022 victus
297 2967 356 3021 est.
376 2959 522 3044 inpulere
534 2982 644 3044 regem
656 2962 690 3024 in
701 2963 736 3026 id
747 2903 968 3026 bellumihlinc
979 2963 1090 3030 Tho-5

58 3060 98 3104 as
115 3040 267 3106 Aetoliae
281 3041 442 3128 princeps,
462 3042 687 3108 inhonoratam
705 3045 793 3130 apud
808 3045 971 3109 Romanos
989 3068 1065 3131 que·

58 3144 138 3187 rens
149 3123 308 3189 adversus
318 3123 515 3190 Macedonas
534 3125 669 3190 militiae
682 3149 759 3190 suae
778 3129 973 3210 societatem,
988 3129 1064 3192 hinc

57 3205 216 3289 Annibal,
229 3207 285 3293 qui
295 3208 330 3270 in
340 3206 455 3271 Africa
463 3209 578 3290 victus,
590 3210 748 3294 profugus
760 3220 792 3273 et
801 3213 891 3295 pacis
903 3213 1063 3295 inpatiens

21 3288 189 3357 ashostem
210 3288 329 3376 populo
351 3291 497 3355 Romano
520 3300 587 3356 toto
610 3292 688 3356 orbe
711 3292 895 3379 quaerebat.
929 3303 961 3357 et
975 3295 1088 3391 quode

59 3370 145 3438 illud
159 3372 277 3437 fuisset
288 3373 477 3458 periculum,
495 3376 523 3437 si
541 3397 575 3438 se
591 3374 734 3439 consiliis
753 3378 821 3439 eius
838 3398 898 3438 rex
912 3375 1049 3439 tradidis

62 3466 121 3537 set,
137 3456 236 3521 idest
252 3456 281 3519 si
291 3456 391 3519 Asiae
408 3456 535 3521 viribus
550 3479 628 3520 usus
647 3458 763 3521 fuisset
777 3459 1050 3556 imneraterAnm
